1497 2610
707 -4 776 126 15
60 174 1433 241 einen Anflug von Spott das „Volk der Denker“; laſſen wir unſern Ruhm
63 226 1431 297 ſein, was uns zum Tadel gereichen ſoll, unſere Kraft, was man uns als ein
60 282 1431 352 Zeugniß unſerer Ohnmacht vorhält. Es iſt leider eine allgemeine Erfahrung,
63 332 1431 400 daß wer Macht ſucht, kein Mittel dazu ſcheuen muß. Macht läßt ſich nur
63 384 1429 452 erlangen auf dem Wege der Unterdrückung; und es haben oft die edelſten Regungen,
60 443 1433 504 die geheiligtſten Rechte zerſtört werden müſſen, bis der Fuß eines Gewaltigen
67 498 1436 558 auf dem Schemel der Macht unerſchütterlich feſt geſtanden hat. Wir machen
65 548 1433 613 in ſolchen Fällen oft den Perſonen zum Vorwurfe, was eigentlich die Schuld
65 602 1433 667 des Syſtems, der innerſten Richtung iſt. Wir tadeln die Päpſte: ihren Ehr⸗
65 654 1433 719 geiz, ihre Härte, ihre Rückſichtsloſigkeit. Wir begreifen nicht, wie Gregor VII.
63 711 1433 772 die zarteſten Regungen des Herzens, die innigſten Pflichten der Liebe darnieder⸗
63 763 1433 824 treten kann, um die Eheloſigkeit unter den Geiſtlichen durchzuſetzen; wie In⸗
69 815 1436 876 nocenz III., der Vater der Chriſtenheit, die armen Albigenſer wie gehetztes
69 861 1436 946 Wild vertilgen laſſen kann, um die Ketzerei auszurotten. Dieſe beiden Päpſte
67 926 1438 1002 waren ihrem Character nach nicht unedel oder grauſam; ſie befriedigten in den
71 972 1438 1050 Maßregeln der Gewalt, welche ſie mit ſo unerbittlicher Strenge ausführten,
71 1024 1436 1109 nicht Gefühle perſönlicher Rachſucht oder giftigen Menſchenhaſſes; ſie thaten,
69 1078 1433 1159 was ſie thaten, unſtreitig mit widerſtrebendem Herzen. Aber das Syſtem,
69 1139 1436 1207 dem ſie dienten, war mächtiger, als ihr perſönlicher Wille und ihre indivi⸗
73 1176 1438 1265 duelle Neigung. Sie konnten ſich die chriſtliche Kirche nicht anders denken als
73 1228 1438 1315 in der Form einer äußerlich übereinſtimmenden, geſetzlich geordneten, alle Ein⸗
71 1296 1438 1352 zelüberzeugungen und Sonderbeſtrebungen unbedingt ſich unterwerfenden, An⸗
69 1339 1442 1411 ſtalt; nur innerhalb dieſes kirchlichen Weltreiches hatte Chriſtus für ſie
69 1394 1436 1463 eine Geſtalt, eine Wirklichkeit; jenſeits ſeiner Grenzen war der Abfall, die Ver⸗
69 1442 889 1518 dammniß, die ewige Trennung von Chriſtus.
152 1505 1442 1574 Luther iſt darum ſo durch und durch ein Sohn des deutſchen Volkes,
71 1550 1444 1622 ſo ganz ein Vertreter ſeines innerſten Weſens, und ein Dolmetſcher ſeines
71 1605 1444 1679 tiefſten Geiſtes, weil er das Recht und die Kraft der Perſönlichkeit
71 1661 1444 1729 auf dem religiöſen Gebiete zum erſtenmale in Deutſchland kühn und
71 1711 1446 1781 rückſichtslos zur Geltung gebracht hat. Wenn man die Verhandlungen des
76 1763 1446 1837 Kaiſers und der Reichsſtände mit ihm während ſeiner Anweſenheit auf dem
71 1820 1444 1887 Reichstage zu Worms lieſt: ſo leuchtet jedem Unbefangenen ein, wie die Reichs⸗
73 1881 1444 1944 ſtände, wie namentlich auch der Kaiſer, Karl V.) keinen Begriff davon hatte,
71 1937 1444 2005 daß die Perſon in Sachen der Religion ein Gewiſſens⸗Recht beſitzt.
71 1985 1446 2053 Die Religion iſt für den Kaiſer ein gegenſtändliches Ding, wie irgend ein
71 2044 1446 2109 rechtsgültig zu Stande gekommener Staatsvertrag; ſie beſteht in unantaſtbaren
73 2101 1446 2168 Lehrſätzen, in feſtgeſtellten Gottesdienſt⸗ und Verfaſſungs⸗Einrichtungen, die,
71 2153 1449 2214 weil ſie im Reiche Geſetzeskraft erhalten hatten, nun auch mit Feuer und Schwert
71 2198 1444 2268 aufrecht erhalten werden ſollten. Die Religion geht, nach dieſer Vorſtellung,
71 2259 1444 2320 den Einzelnen für ſeine Perſon gar nichts weiter an; dazu iſt der Papſt und
73 2312 1444 2379 ſind Cardinäle, Erzbiſchöfe und Biſchöfe da, um über ſie zu wachen und
71 2353 483 2444 für ſie zu forgen
