1497 2610
694 69 752 130 17
45 169 1418 243 Der Geiſt der Wahrheit ſelbſt ſträubt ſich gegen jede äußere Form, in die
45 230 1416 295 man ihn ſpannt, weil er ſeinem Weſen nach göttlich, unendlich, ewig ſchöpfer⸗
45 284 1418 354 kräftig iſt. Die Ueberlieferung umfaßt nur Geſchaffenes; das ſchaffende Element
47 330 1418 398 ſelbſt entzieht ſich ihren Schranken. So kann der Botaniker die Blumen des
47 384 1418 456 Feldes wohl pflücken, trocknen, in ſeinem Herbarium ordnen und zurechtlegen;
47 434 1418 506 aber das Herbarium wird dadurch nicht zu einem grünen Wieſenplatz, und die
47 487 1418 561 Bienen ſaugen aus den dürren Blumen keinen Honigſeim. Jede überlieferte
47 541 1418 622 Religion gleicht, wenn der lebendige Geiſt der Wahrheit nicht mehr gegenwärtig
45 604 1420 667 in ihr waltet, einem ſolchen Herbarium; die Lehrſätze werden zu vertrockneten
45 654 1066 722 Blättern; es fehlt der friſche Duft des blühenden Lebens.
126 702 1414 780 Der Proteſtantismus iſt nicht ungerecht gegen die Ueberlieferung geweſen,
45 756 1418 826 wie man ihm öfters vorgeworfen hat. Er unterſchätzt ſie nicht. Wir ehren das
47 811 1416 880 Wort unſerer Väter, der Reformatoren, als ein wunderbares, gottgeſegnetes Zeu⸗
45 867 1418 933 genwort. Wir erkennen in den Bekenntniſſen, in welchen ſie ihre Glaubens⸗ und
47 915 1418 985 Lebensüberzeugungen ausſprechen, Vorbilder für unſere Glaubens⸗ und Lebensbe⸗
47 967 1418 1044 kenntniſſe. Wir gehen gern bei allen treuen Lehrern unſerer Kirche in die Schule,
47 1024 1420 1096 und wir wiſſen insbeſondere, was wir in trüber Zeit einem Arndt, Spener,
47 1078 1420 1144 A. .H Francke und vielen anderen geiſtgeſalbten Zeugen zu verdanken haben.
45 1124 1418 1204 Aber wir wiſſen uns an keine menſchliche Ueberlieferung ohne Weiteres gebunden,
47 1183 1418 1250 weil wir uns lediglich an die Wahrheit ſelbſt ſchlechthin gebun⸗
47 1235 1423 1305 den wiſſen. Als ächte Proteſtanten proteſtiren wir heute noch gegen jeden
47 1278 1420 1361 Verſuch, den Wahrheitstrieb nach irgend einer Richtung zu beſchränken. Es
50 1344 1423 1413 iſt der Beruf des deutſchen Volkes, die Wahrheit, die ganze, die volle
52 1385 1420 1468 Wahrheit zu ergründen, und die ganze iſt die — chriſtliche Wahrheit.
47 1444 1423 1518 Dieſe aber iſt nach ihrem ewigen Ausgangspunkte in Gott ſelbſt; ihr Urquell
50 1502 1423 1574 liegt jenſeits aller menſchlichen Begriffs⸗ und Lehrbildung; dort will ſie geſchöpft
47 1550 1420 1626 ſein; ſie duldet keine Schranken, welche Herkommen, Gewohnheit und Bequem⸗
50 1602 1425 1681 lichkeit ihrer Erkenntniß zieht; ſie will da aufgefunden werden, wohin nur die
47 1659 1427 1735 edelſten, unerſchrockenſten, opferwilligſten Geiſter vordringen, in der heiligen
50 1716 589 1785 Region der unſichtbaren Welt.
128 1772 1433 1842 Die Deutſchen dürfen es mit einem edeln Stolze von ſich ſagen: ſie ſind
50 1829 1436 1898 das einzige Volk, das mit der religiöſen Forſchung ungeheuchelten Ernſt gemacht
47 1881 1427 1959 hat, das bis an die letzten Gränzen der Schöpfung forſchend vorgedrungen iſt
47 1931 835 2000 um mit den Worten des Dichters zu reden:
361 1985 946 2055 Bis dahin wo, — am Strande
359 2040 820 2109 Seiner Wogen ich lande,
361 2094 1068 2168 Anker werf', wo kein Hauch mehr weht
356 2144 1081 2225 Und der Markſtein der Schöpfung ſteht.
126 2198 1423 2301 England, ſonſt ſo beneidenswerth in feiner Thatkraft und in der Friſche
45 2242 1418 2353 und Tüchtigkeit ſeiner Gedanken, hat es auf dem Gebiete religiöſer Forſchung
45 2301 1416 2405 nur zu ſchaaler Freidenkerei gebracht und iſt aus dieſer wieder auf die Heer⸗
43 2355 1416 2466 ſtraße des kirchlichen Herkommens zurückgekehrt. Frankreich, an Eroberungen
1066 2433 1105 2499 2
