1502 2610
774 52 835 115 18
124 165 1486 234 und Ruhm ſo reich, hat wohl eine Zeitlang frivolen Spott mit der Kirche
121 221 1486 282 getrieben, dann mit rohem Fanatismus gegen alle Religion gewüthet, und
121 274 1486 334 endlich dem römiſchen Syſteme mit allen ſeinen Irrthümern und Mängeln
124 326 1486 387 ohne alle Reform wieder Thür und Thor geöffnet. Nur in Deutſchland ſind
121 380 1486 441 — mit einigen wenigen Ausnahmen — in der Regel die religiöſen Fragen
119 430 1486 493 mit würdigem Anſtande und entſprechendem Ernſte behandelt worden, und auch
119 482 1484 548 da, wo die herkömmlichen Ueberzeugungen bekämpft, wo leider der Kern des
124 537 1484 602 Chriſtenthums ſelbſt in Frage geſtellt wurde, haben die Deutſchen wenigſtens
121 591 1484 654 den Weg ſtrenger und mühevoller wiſſenſchaftlicher Unterſuchung nicht verlaſſen.
206 641 1486 706 Aber Das iſt es ja eben, was man uns vorwirft, was viele fromme
117 693 1484 763 Chriſten in unſerm Vaterlande ſo tiof beklagen, daß die ſchrankenloſe Forſchung
121 748 1484 815 unvermeidlich den Irrthum erzeugt, daß die Wahrheit, die man zu ergründen
121 802 1482 865 vorgiebt, ſich dem Forſcher oft gerade verbirgt, daß kein feſtes kirchliches Her⸗
119 852 1484 920 kommen, keine unerſchütterliche, ja faſt keine unerſchütterte Ueberzeugung mehr
119 909 1484 974 beſtehen kann, wo die Wiſſenſchaft den ganzen Kreis der kirchlichen Lehren und
121 956 1484 1026 Einrichtungen zu einem Gegenſtande ihrer ruheloſen Arbeit gemacht hat und
117 1017 1484 1080 immerfort auf's Neue wieder macht. Es iſt ja gerade die Frage: ob der freien
121 1063 1482 1135 Forſchung — wenigſtens unter den Lehrern und Dienern der Kirche — nicht
119 1117 1482 1187 größere Schranken gezogen, ob die Kirche nicht vor den Ausſchreitungen der
119 1172 855 1244 Wiſſenſchaft beſſer geſchützt werden ſollte?
198 1224 1484 1294 Der Kern dieſer Frage läßt ſich ganz einfach auch ſo ausdrücken: kann
117 1276 1482 1348 das deutſche Volk ſeinen religiöſen Beruf, die Wahrheit zu erforſchen, in
119 1328 1480 1400 Wirklichkeit erfüllen ohne Freiheit der Forſchung? Die Antwort hier⸗
117 1385 1484 1455 auf lautet: Ohne Freiheit keine Wahrheit, vor Allem die Wahrheit nicht, die
115 1428 1482 1513 die Reformatoren uns erkämpft, für die ſie alles Andere hingegeben haben.
117 1481 1484 1570 Was iſt Wahrheit? hat einſt Pilatus zu dem geſagt, der darauf erwidern
117 1542 1482 1622 konnte: „Ich bin die Wahrheit.“ Wie merkwürdig aber, daß Chriſtus die
117 1585 1482 1679 Wahrheit nicht als einen Lehrſatz ausgeſprochen, nicht unter die Formel eines
117 1644 1475 1722 Begriffes oder einer Vorſtellung gebracht hat. Sie iſt eben Leben, pei
119 1692 1188 1776 ſönliches Leben. Der Dichter hat Recht, wenn er ſagt:
348 1744 1238 1831 Wenn ihr's nicht fühlt, ihr werdet's nicht erjagen,
346 1809 1010 1883 Wenn es nicht aus der Seele dringt,
350 1866 879 1935 Und mit urkräftigem Behagen
348 1916 1005 1987 Die Herzen aller Hörer zwingt. ...
348 1968 1036 2040 Ja, eure Reden, die ſo blinkend ſind,
346 2022 1182 2103 In denen ihr der Menſchheit Schnitzel kräuſelt,
346 2074 1029 2151 Sind unerquicklich wie der Nebelwind,
343 2131 1173 2203 Der herbſtlich durch die dürren Blätter ſäuſelt.
198 2185 1480 2259 Und tiefer und kürzer noch ſagt es die heilige Schrift: „Das Reich Gottes
115 2227 1484 2320 ſtehet nicht in Worten, ſondern in Kraft“ (1. Cor. 4, 20). Die
111 2283 1482 2366 religiöſe, die höchſte Wahrheit, der Wahrheitsmittelpunkt, hat eben darum
113 2335 1478 2451 Perſon werden und in der vollendeten Erſcheinung des Gottmen⸗
