1501 2610
763 34 817 97 28
184 147 1472 210 Es ſind jetzt zweihundert Jahre verfloſſen, ſeit ein Prophet in unſerer
104 195 1466 267 evangeliſchen Kirche aufſtand, wie kein zweiter mehr ſeit Luther — Ph. J.
104 252 1472 315 Spener. In einem ſeiner Sendſchreiben *) rechnet er unter die Stücke, die
104 297 1470 371 wir mit Babel und dem Papſtthum gemein haben, und um welcher willen
104 354 1466 428 unſerer Kirche ſchwere Gerichte bevorſtänden, insbeſondere eins.
102 408 1466 474 Unter dem Papſtthum habe, ſagt er, der geiſtliche Stand Alles an ſich geriſ⸗
102 461 1464 535 ſen, bei den Proteſtanten der weltliche Stand ſeine Rechte wieder bekommen;
100 513 1468 580 aber der Hausſtand, d. h. die Gemeinde, beſitze an den wenigſten Orten
97 565 1464 637 den rechten Gebrauch ſeiner Rechte; die beiden oberen Stände thäten meiſt,
97 617 1464 696 was ihnen gut dünke, ohne den dritten zu fragen, woraus wenig
100 672 1464 748 Segen komme. Spener bezeichnet dieſen Zuſtand der deutſchen evangeli⸗
97 722 1466 800 ſchen Kirche als eine beklagenswerthe Unordnung, die der Kirche vielen Schaden
100 776 1461 852 bringe. Er will die proteſtantiſche Kirche deßwegen noch nicht für Babel hal⸗
97 828 1464 902 ten, noch nicht für antichriſtlich, weil die beiden oberen Stände das
97 883 1464 954 Recht der Gemeinde anerkennen, „nur daß ſie dieſelbe von deſſen
97 930 1464 1009 Ausübung aus andern Vorwänden abhalten, und ſonderlich die Obrigkeit ſie
95 993 1461 1059 alſo zu repräſentiren vorgiebet, wie ſie in andern weltlichen Dingen ſie gleich⸗
95 1044 1461 1113 falls zu vertreten pfleget.“ Ein ſolcher Zuſtand ſei nicht zu loben, wenn auch
95 1091 1464 1170 für einmal zu dulden. Mit der Offenheit eines ächten Chriſten und deutſchen
93 1148 1459 1228 Mannes erkärt er nun: „Ich behaupte das Recht der Gemeinde aller Orten, wo
95 1204 1459 1278 ich kann, und vergebe derſelben nichts; wo man ihr noch nicht zum völligen Gebrauch
93 1254 1459 1335 deſſelben helfen kann, helfe ich einestheils nach allem Vermögen kämpfen, daß
93 1307 1461 1387 ſie nicht wieder in eines Standes Gewalt verfalle, anderntheils weiſe ich ſie
93 1361 1457 1442 an zur Geduld, dieſen Mangel noch zu tragen, indem ich die Zeit der Beſſe⸗
91 1420 435 1478 rung erwarte.“**)
176 1465 1455 1548 Spener war damals der Meinung, daß, wer den Wind gegen ſich habe,
91 1522 1457 1602 wenigſtens mit halbem oder viertheil Wind ſegeln ſolle; er werde gleichwohl
91 1565 1459 1657 in den Port einlaufen. Aber der treue Zeuge irrte ſich. Zwei Jahrhunderte
91 1629 1457 1698 ſind ſeither bald verfloſſen; die Gemeinde iſt noch nicht im Beſitze ihres refor⸗
87 1679 1457 1763 matoriſchen Grundrechtes. Während die Staatsgewalt einerſeits, die Geiſtlichkeit
89 1735 1455 1809 andrerſeits ſich in die Leitung der Kirche theilen, ſind die Gemeinden großen⸗
87 1787 1455 1859 theils von aller Einwirkung auf die Geſtaltung des kirchlichen Lebens ausge⸗
89 1846 1453 1920 ſchloſſen; die Verhältniſſe haben ſich ſeit Spener faſt gar nicht verändert.
89 1898 1457 1966 Namentlich hat der ſogenannte Rationalismus für Herſtellung der reformatori⸗
87 1948 1457 2022 ſchen Gemeinderechte weder Sinn, noch Ernſt gezeigt. Die rationaliſtiſche
87 2005 1453 2077 Geiſtlichkeit ſtrebte ebenfalls nach Lehrherrſchaft und behandelte die Gemeindege⸗
87 2057 1457 2129 noſſen als Unmündige, denen die „Aufklärung“ beigebracht werden müſſe, wie
87 2107 1453 2192 ihnen vorher die reine Lehre beigebracht worden war. Die prophetiſchen Ge⸗
89 2164 1453 2244 danken Speners gehen ihrer Erfüllung jetzt zuſehends raſcheren Schrittes entgegen.
152 2214 750 2305 *) Theologiſche Bedenken I., S. 262 f.
143 2277 1455 2355 **) In einem ſpätern Hefte hoffe ich die Anſichten Speners von der Reform der Kirche
202 2333 998 2422 auf dem Grunde der Gemeinde genauer zu entwickeln.
1222 2346 1381 2425 Der Verf.
