1497 2610
657 39 720 126 23
15 156 1377 219 mit eben ſo feſten Schranken umgeben möchten, wie das innerhalb der katho⸗
17 206 1381 271 liſchen Kirche der Fall iſt. Das wäre der Weg, nicht nur unſern deutſchen
19 254 1377 328 Proteſtantismus um allen Credit, ſondern auch ihn um alle Kraft und
17 308 1379 374 Wirkſamkeit zu bringen. Nicht entlehnte Flitter, unſer eigenartiges
21 363 1383 432 urſprüngliches Weſen allein kann uns retten und helfen in Lehre, Gottesdienſt
15 419 211 480 und Leben.
93 471 1383 541 Wir wollen in der Lehre die Wahrheit, und da es, wie wir gezeigt
15 524 1381 589 haben, keine Wahrheit geben kann ohne Freiheit, ſo iſt es gegenwärtig unſere
17 578 1381 652 Aufgabe, die evangeliſche Freiheit, für die unſere Väter ihr Blut vergoſſen
17 630 1381 704 haben, mannhaft aufrecht zu erhalten, und uns nicht vor den Mißſtänden zu
21 685 1381 752 fürchten, die allerdings von der Freiheit unzertrennlich ſind. Es wird Niemand
17 737 1383 804 gekrönet, er kämpfe denn recht. So leicht ſoll uns der Weg zum höchſten
17 796 1383 863 Gute, dem Frieden und der Seligkeit, nicht gemacht werden, daß uns Dornen
17 839 1377 913 und Steine darauf erſpart würden. Wir müſſen den Irrthum ertragen lernen,
15 900 1381 965 um ihn überwinden zu lernen. Wir dürfen nicht vergeſſen, daß kein Irrthum
15 950 1377 1017 ohne ein Körnlein Wahrheit iſt, daß die Wahrheit des Irrthums Kraft iſt,
17 1007 1383 1072 und daß auch der Irrthum eine Staffel werden kann, auf der wir dem Gipfel
15 1059 1381 1124 der Wahrheit näher kommen. Die mittelalterliche Kirche hatte mit einem Auf⸗
15 1111 1381 1176 wande von ungeheurem Scharfſinn und mit Zuhülfenahme aller Mittel der
17 1163 1379 1228 Staatsgewalt den Irrthum von der kirchlichen Lehre fern zu halten geſucht,
13 1213 1377 1287 und was war die Folge? Im Eifer, den Irrthum zu vernichten,
15 1270 1377 1337 unterdrückte ſie die Wahrheit. Sie hat für immer thatſächlich be⸗
15 1322 1383 1392 wieſen, daß wer nicht den Muth hat, die Freiheit zu wollen, auch nicht das
19 1376 674 1444 Glück hat, die Wahrheit zu erringen.
89 1426 1381 1498 Gott hat dem deutſchen Volke das Mittel an die Hand gegeben, wo⸗
17 1485 1381 1550 durch es von den Ausſchreitungen des falſchen Freiheitsſinnes immer wieder
19 1535 1383 1605 bewahrt wird. Es iſt kein Zufall, ſondern ein Werk der Vorſehung, daß in
17 1585 1381 1655 demſelben Augenblicke, in welchem das Gewiſſen Luthers ſich gegen die her⸗
17 1642 1381 1711 gebrachte kirchliche Ordnung der Dinge auflehnte, er dieſes Gewiſſen an das
21 1696 1383 1763 Buch der Bücher band, und die religiöſe Freiheit auf die Wahrheit
19 1744 1377 1813 des göttlichen Wortes gründete. Das deutſche Volk iſt das Bibelvolk;
19 1803 1383 1870 ſeine Sprache, ſeine Sitte, ſein Glaube, ſeine Hoffnung ruht auf dem heiligen
19 1857 1381 1922 Buche, und daſſelbe mit dem Gewiſſen im heiligen Geiſte immer tiefer zu
21 1907 1381 1974 verſtehen, iſt unzweifelhaft eine der erſten Aufgaben der deutſchen evange⸗
17 1959 1383 2029 liſchen Kirche. Die Bibel ſchützt uns gegen die Verirrungen einer loſen und
19 2018 1383 2081 oberflächlichen Religionsmacherei, wie ſie uns vor dem Rückfall in todtes
21 2061 1386 2144 Kirchenthum und ſteife Buchſtäbelei bewahrt. Sie iſt ewig lebendig, wie der
21 2118 1386 2190 Geiſt, aus dem ſie gezeugt iſt; unerſchöpflich reich, wie der Gott, der ſeine
21 2168 1383 2251 Offenbarungen in ihr kundgegeben hat; treu und wahr, wie die Wege der gött⸗
19 2222 1386 2303 lichen Gerechtigkeit und Barmherzigkeit in der Weltgeſchichte. Halten wir ſie, wie
21 2281 1383 2349 das Gewiſſen ſie aufſchließt, wie der Glaube ſie verſteht, wie eine wahrhaft freie und
17 2327 1386 2420 eben darum an die Wahrheit gebundene Forſchung ſie immer tiefer ergründet, in
