1501 2610
739 34 789 102 10
76 145 1442 215 wicklung es fordert. Die Zeichen der Zeit deuten auf einen allgemeinen Rück⸗
76 200 1440 267 gang in religiöſe Veräußerlichung und geſetzliches Formenweſen. Und doch
73 243 1437 324 bedürfen wir ſo dringend größerer religiöſer Verinnerlichung, kräf⸗
71 306 1437 378 tigerer geiſtiger Befreiung zur Erfüllung unſeres Chriſtenberufes
73 361 1440 432 als ächte Proteſtanten. Daß die Aufgabe der deutſchen evangeliſchen Kirche
73 413 1435 478 gegenwärtig vor Allem nach innen geht, das werden uns die folgenden Be⸗
73 463 1435 539 trachtungen lehren. Wir werfen aber zu dieſem Zweck vorerſt einen Blick nach
71 519 1437 587 Oſten und nach Weſten, wo der griechiſche und der römiſche Katholicismus
71 569 1435 641 ſich ſcharf und beſtimmt gegen den deutſchen Proteſtantismus abgrenzt und die⸗
71 622 743 693 ſem dadurch ſeine Aufgabe vorzeichnet.
730 737 774 778 2.
163 776 1337 859 Zur Charakteriſtik des griechiſchen und romaniſchen Kirchenthums.
150 833 1435 911 Die drei großen europäiſchen Völkergruppen, die Romanen, Slaven
67 889 1433 967 und Germanen, unterſcheiden ſich insbeſondere auch durch ihre eigenthümliche
65 935 1433 1022 religiöſe Beſtimmtheit. Unter den romaniſchen Völkern hat ſich vorzugsweiſe
67 996 1429 1074 der Katholicismus in ſeiner Machtſtellung und ſeinem Glanze behauptet;
67 1050 1431 1124 unter den Slaven hat ſich das griechiſche Kirchenthum überwiegend
65 1107 1427 1181 feſtgeſetzt; die Deutſchen haben die Fahne des Proteſtantismus erhoben.
65 1159 1431 1241 Wer möchte beſtreiten, daß dieſe eigenthümliche verſchiedenartige Stellung der
60 1204 1431 1289 drei Stämme zu dem Chriſtenthume auf einer tieferen Verſchiedenheit ihres
63 1263 1429 1346 nationalen Grundcharacters beruht? Innerhalb der ſlaviſchen Völkerſchaften
60 1315 1431 1392 hat der Proteſtantismus nur geringe Fortſchritte gemacht, obwohl die natürliche
63 1368 1427 1455 Lebhaftigkeit ihrer geiſtigen Befähigung ſie für die reformatoriſche Bewegung
60 1418 1429 1500 urſprünglich günſtig geſtimmt hatte. Aber im Ganzen ſind ſie doch auf einer unent⸗
58 1470 1427 1563 wickelten religiöſen Stufe ſtehen geblieben; die Religion iſt ihnen ein äußeres Zucht⸗
63 1526 1429 1607 mittel, mit höchſtens erzieheriſcher Wirkung auf Chriſtum hin. Von religiöſer
63 1570 1427 1663 Innerlichkeit und wiſſenſchaftlicher Vertiefung iſt wenig bei ihnen zu finden.
60 1635 1424 1720 Der ſtark ſinnliche Grundzug, welcher der ſlaviſchen Nationalität eigen iſt,
60 1687 1427 1766 offenbart ſich beſonders auch auf religiöſem Gebiete. Der griechiſche Gottes⸗
60 1742 1427 1818 dienſt hat eine faſt materialiſtiſche Färbung. Bilder, Ceremonien, dramatiſche
63 1794 1424 1879 Aufführungen, ſinnbildliche Darſtellungen verſchiedenſter Art wechſeln in dem⸗
58 1844 1427 1929 ſelben; das lebendige, aus dem Gewiſſen und Herzen quellende Wort, fehlt
60 1900 1424 1979 faſt gänzlich; von religiöſem Volksunterrichte kaum die Rede; dumpfer Still⸗
58 1955 1427 2033 ſtand in Lehre, Cultus, Verfaſſung; eine Geiſtlichkeit, welcher es an allen
58 2007 1427 2092 Bedingungen geiſtlicher Würde und geiſtiger Strebſamkeit mangelt. Man kann
58 2061 1424 2151 ſagen, das Chriſtenthum iſt unter den ſlaviſchen Völkerſchaften größtentheils
56 2116 345 2179 kryſtalliſirt.
143 2168 1427 2255 Innerhalb des romaniſchen Völkergebietes hat die chriſtliche Kirche
60 2225 1427 2301 niemals alle Bewegungskraft verloren. Aber zur vollen Anerkennung der per⸗
58 2277 1427 2355 ſönlichen Freiheit und ſittlichen Selbſtverantwortlichkeit ihrer Mitglieder iſt ſie
58 2335 1424 2438 auch hier nicht hindurchgedrungen. Er iſt ein wunderbarer Bau — dieſer
