1497 2610
681 34 739 91 27
30 141 1394 213 mittleriſche Kirche die Heilsgnade empfangen kann, und manchem Laien iſt es
30 195 1396 267 auch gar nicht unbequem, daß die Kirche nicht nur Alles für ihn thut, ſondern
30 256 372 319 auch für ihn denkt.
108 295 1394 380 Der Proteſtantismus hat die Vorſtellung von einem mittleriſchen Prieſter⸗
28 350 1396 426 thum als unevangeliſch aufgegeben. Es gelten ihm alle Gläubigen als Einer
30 404 1394 480 in Chriſto. In der ſichtbaren Kirche befinden ſich nun freilich nicht lediglich
30 463 1396 532 Gläubige; aber das Band, das die Gemeinden in ihr zuſammenhält, iſt doch der
32 517 1396 591 Glaube, der in Einzelnen verborgen lebt und wirkt. Daher kann der Schwer⸗
28 561 1399 639 punkt der evangeliſchen Kirche, als einer ſichtbaren Anſtalt, nirgends als
30 626 1399 693 in der Gemeinde liegen. Denn wo ſollte er ſonſt zu finden ſein? Der
30 678 1399 748 Glaube iſt nicht an einen beſonderen Stand gebunden; wir haben leider im
30 724 1399 804 geiſtlichen Stande die Macht des Unglaubens ſchon hoch geſteigert, und in der
32 778 1399 852 Gemeinde den regſten Widerſtand entwickelt geſehen, an dem der Unglaube ſich
30 833 1399 904 gebrochen hat. Auch hat Jeſus Chriſtus ſelbſt ſeine Kirche nicht auf den Un⸗
30 887 1396 961 terbau menſchlicher Weisheit, Gelehrſamkeit, Standes⸗ oder Amtswürde geſtellt.
32 943 1401 1013 Einer ſchlichten Frau ſagte er, daß ſie das Eine, was Noth ſei, erwählt und
32 993 1401 1067 daß es nicht von ihr genommen werden ſolle, und den Vater und Herrn des
32 1050 1403 1126 Himmels und der Erde pries er, daß er das Geheimniß ſeines Reiches den
32 1100 1403 1172 Weiſen und Klugen verborgen und den Unmündigen geoffenbaret habe. Es
32 1152 1401 1226 iſt viel Unheil über die proteſtantiſche Kirche gekommen, weil ſie zu viel auf
32 1209 1401 1281 den Scharfſinn und die Kunſt ihrer Weiſen und Klugen vertraut und den from⸗
34 1261 1401 1333 men und treuen Kindesſinn der ſcheinbar Unmündigen zu wenig reſpektirt hat.
115 1320 1405 1392 Die deutſche evangeliſche Kirche hat ein altes Unrecht gut zu machen, einen
32 1372 1405 1442 jahrhundert langen verderblichen Irrthum auszutilgen. Sie hat dem Walten
36 1428 1405 1492 und Weben des heiligen Geiſtes in dem Tempel der Gemeinde zu wenig und
36 1481 1403 1548 dagegen den Lehrſätzen und Aufſtellungen ihrer, ſonſt ſo achtungswerthen,
36 1533 1407 1602 Denker und Forſcher zu viel vertraut; ſie hat an der Selbſtſtändigkeit und
39 1581 1409 1661 Mündigkeit der Gemeinden ſtets gezweifelt, und hat nicht bedacht, daß den
39 1635 1409 1707 Gemeinden durch die Bevormundung, welche ihnen ſeit Jahrhunderten zu Theil
39 1692 1409 1761 geworden iſt, die Theilnahme an den Arbeiten der Kirche entzogen und ihre
39 1746 1412 1816 kirchliche Urtheilskraft und Arbeitstüchtigkeit immer mehr geſchwächt und gelähmt
41 1796 1409 1866 worden iſt. Man klagt mit Recht über kirchliche Lauheit und Gleichgültigkeit,
41 1848 1412 1922 über allgemeine Verweltlichung, über erſtaunliche kirchliche Unwiſſenheit in vielen
41 1900 1409 1972 Gemeinden. Man wird alle dieſe Uebelſtände in den Gemeinden am ausge⸗
39 1957 1414 2027 bildetſten finden, in welchen die Gemeindeglieder zu eigener kirchlicher Thätigkeit
41 2011 1412 2079 am wenigſten Anregung ſeit Jahren oder Jahrhunderten empfangen haben.
45 2057 1412 2131 Eine Gemeinſchaft, wenn ſie mit ihren Grundüberzeugungen nicht Ernſt macht,
43 2116 1414 2183 verräth damit, daß ſie keinen rechten Glauben an ihre innerſte Wahrheit hat.
45 2164 1414 2242 Die Strafe folgt dann auf dem Fuße nach. Sie verliert die Bedeutung und
47 2225 1418 2301 Wirkung, welche ihr nach der Natur der Dinge gebührt, und der Gegner hat
45 2279 1416 2353 eine gewiſſe Berechtigung, über die Zeichen ihrer herannahenden „Selbſtauf⸗
50 2335 744 2420 löſung“, wenn auch voreilig, zu jubeln.
