1497 2610
652 52 711 110 19
10 158 1368 224 ſchen in die Welt treten müſſen, um die Welt zu überzeugen, daß die Wahrheit
10 210 1366 278 reicher iſt als der Begriff, größer als ein Lehrſatz, gewaltiger als eine Formel.
84 258 1366 334 Zur Wahrheit gehört, daß ſie ein Ausdruck perſönlicher Ueberzeu⸗
10 308 1368 384 gung iſt, daß wir an ſie glauben. Woran wir nicht glauben, das iſt für
8 363 1372 437 uns nicht wahr, wenn es auch an ſich wahr iſt; ſo lange wir nicht
13 421 1372 491 glauben, können wir auch nicht mit unſerm Innerſten für die Wahrheit ein⸗
17 476 1375 541 ſtehen, nicht mit gutem Gewiſſen etwas dafür wagen. Darum, weil das deutſche
17 530 1370 595 Volk Wahrheit in der Religion will, hat es das Bedürfuiß nach einer glaub⸗
13 580 1375 645 haften und wirklich geglaubten Religion. Die Religion iſt
15 630 1370 698 unſerm Volke Gewiſſensſache, das Chriſtenthum Herzensange⸗
19 685 1377 752 legenheit. Andere Völker haben aus der Religion eine Machtfrage, aus
13 741 1379 804 dem Chriſtenthum eine Staatsangelegenheit gemacht. Das geht uns gegen
13 791 1379 859 unſere innerſte Ueberzeugung. Wir haben den Beruf, das Chriſtenthum in
17 846 1379 911 ſeiner Wahrheit und Glaubhaftigkeit der Menſchheit zu erhalten. Wir
15 902 1381 965 ſind darum das Volk der Reformation, und uns hat Gott es beſchieden, die
13 943 1381 1020 größte That der Weltgeſchichte ſeit Chriſti Geburt zu vollziehen. Es kann uns
17 1007 1381 1072 nicht ſchwer fallen, die Aufgabe der deutſch⸗evangeliſchen Kirche von dieſem
17 1057 909 1117 innerſten Punkte aus in das nähere Licht zu ſetzen.
672 1165 720 1231 4.
97 1324 1388 1385 Ihre erſte Aufgabe kann keine andere ſein, als den Grundſätzen
19 1370 1383 1442 und Grundwahrheiten der Reformation treu zu bleiben, und das
19 1428 1388 1494 edelſte Kleinod, das Gott unſerm Volke geſchenkt hat, um keinen Preis dahin
19 1485 1386 1548 zu geben. Wir ſind als deutſche Proteſtanten die Bewahrung und Reiner⸗
21 1537 1386 1602 haltung der reformatoriſchen Güter nicht nur uns und unſern Kindern, ſon⸗
19 1589 1386 1655 dern auch den deutſchen Katholiken ſchuldig. Der deutſche Katho⸗
19 1639 1388 1707 licismus iſt — ſeit längerer Zeit — im Ganzen ein veredelter Katholicismus
17 1698 1390 1763 geweſen. Der Proteſtantismus, der den Strahl ſeines Lichtes ſeit der großen
21 1746 1390 1816 Umwälzung des Reichs während der napoleoniſchen Kriege bis in die äußerſten
21 1796 1386 1866 Enden auch der ehemaligen geiſtlichen Reichsgebiete geſendet hat, hat viele Miß⸗
23 1855 1388 1922 bräuche und Irrthümer innerhalb der deutſchen katholiſchen Kirche ſelbſt zer⸗
23 1903 1392 1977 ſtreut, und wo deutſche Bildung ihre Segnungen verbreitet hat, da iſt ein
21 1957 1392 2029 dumpfer Ceremoniendienſt und äußeres Werkgepränge faſt zur Unmöglichkeit
23 2011 1390 2083 geworden. Duldſamkeit und Gewiſſensfreiheit ſtehen großentheils auch bei un⸗
28 2070 1394 2133 ſeren katholiſchen Mitchriſten in hoher Achtung, und wir Proteſtanten wiſſen
23 2120 1309 2188 umgekehrt den Chriſten auch im Katholiken zu ehren und zu lieben.
104 2172 1390 2244 Aber ſind denn etwa gegenwärtig die Güter und Segnungen des Prote⸗
23 2227 1392 2296 ſtantismus unter uns bedroht oder gefährdet? Wir wollen nicht von den Be⸗
26 2279 1394 2351 ſtrebungen reden, welche katholiſcherſeits die Rückkehr der deutſchen Proteſtan⸗
23 2335 1399 2414 ten in die katholiſche Kirche bewirken ſollen. Dieſe haben wir am wenigſten
1033 2370 1085 2440 2*
530 1215 855 1339 Der Glaube.
