1501 2610
743 65 809 113 16
174 167 1459 237 Die Frage, ob wahr ſei oder nicht, was von den Lehrern der Kirche
89 217 1457 289 gelehrt wird, kommt auf dieſem Standpunkte gar nicht in Betracht; oder viel⸗
89 267 1455 350 mehr, weil etwas von der Kirche gelehrt wird, ſo muß man auch annehmen,
87 315 1455 395 daß es wahr ſei. An eine Berechtigung perſönlicher Prüfung der öffent⸗
87 376 1453 450 lichen Lehre, des Gottesdienſtes, der Kirchenverfaſſung von Seiten der Ge⸗
87 430 1455 508 meindegenoſſen iſt von ſolchen Vorausſetzungen aus auch nicht von fern zu
84 476 1455 556 denken. Die romaniſchen Völker ſtehen im Großen und Ganzen bis heute
82 535 1450 609 noch auf demſelben Standpunkte, den Kaiſer Karl V. im April des Jahres
87 589 1450 663 1521 zu Worms eingenommen hat. Die Prieſter ſind dazu da, um die reli⸗
84 643 1450 715 giöſen Angelegenheiten zu beſorgen, wie die Rechtsgelehrten ſich mit den Rechts⸗
84 691 1453 769 fragen, die Aerzte mit dem Geſundheitsweſen zu befaſſen haben. Die Religion
80 737 1450 828 iſt die Sache eines Standes, nicht die Angelegenheit der Nation, nicht die
78 791 611 865 Sache der ganzen Menſchheit.
163 848 1444 948 Das deutſche Volk hat einer ſolchen Vorſtellung von dem Weſen der Re⸗
78 909 1448 1015 ligion mit ſeinem Herzen niemals zugeſtimmt. Als die Kirche die religiöſe
76 970 1446 1065 Freiheit im Mittelalter unterdrückte, hat der deutſche religiöſe Geiſt in der
78 1026 1446 1120 Myſtik eine heimiſche, unnahbare Stätte freien ungehinderten Verkehrs mit Gott
78 1080 1444 1163 geſucht; Luther iſt aus dem engen Kämmerlein des Myſtikers an's helle Sonnen⸗
73 1133 1442 1222 licht des Volkslebens hervorgetreten und hat ſein religiöſes Recht und ſeine ſitt⸗
71 1189 1442 1300 liche Kraft ſo laut bethätigt, daß es keiner Liſt und| keiner Gewalt mehr gelingen
73 1235 817 1348 wird uns mit neuen Banden zu umſtricken.
147 1320 1437 1407 Der religiöſe Beruf des deutſchen Volkes iſt ein doppelter. In der
73 1376 1437 1461 Sache iſt es berufen, die höchſte religiöſe Wahrheit ſelbſt zu ergrün⸗
71 1428 1435 1522 den, und nicht zu ruhen, bis der Geiſt ihr auf den Grund gekommen iſt, ſo
71 1483 1440 1572 weit wir dem Göttlichen überhaupt auf den Grund zu kommen vermögen. In
67 1537 1437 1622 der Form iſt es berufen — die Wahrheit in der Freiheit zu haben, dieſelbe
69 1592 1435 1672 nicht äußerlich ſich aufzwingen und aufdringen zu laſſen, ſondern ſie umgekehrt
67 1639 1435 1726 lebendig und ſelbſtſtändig aus dem eigenen Innern heraus zu erkennen und zu
63 1696 1435 1779 geſtalten. Religiöſe Wahrheit und religiöſe Freiheit: das ſind die
58 1750 1433 1831 zwei Perlen, mit welchen Gott das deutſche Volk geſchmückt hat, und die es
60 1803 1433 1887 an die Glaskorallen eines das individuelle Leben unterdrückenden ſcheinbaren
60 1850 907 1937 kirchlichen Machtzuwachſes nicht wegwerfen darf.
145 1909 1427 2007 Es iſt nun freilich die Wahrheit ein edles Gut; man hat ſie nicht umſonſt.
58 1970 1424 2061 Einen fertig gebrachten Beſitz von kirchlichen Lehrſätzen, Anordnungen und
56 2022 1424 2116 Einrichtungen kann man mit leichter Mühe überliefern und behaupten, ſobald
56 2074 1424 2168 die äußere Gewalt ihre Schutzmittel dazu anbietet. Die Wahrheit ſelbſt
56 2131 1424 2218 kann man eigentlich nicht überliefern. Alle Ueberlieferungen ſind
54 2185 1427 2270 Gedanken und Hervorbringungen von Menſchen, die unter beſonderen Umſtänden
54 2235 1424 2329 und Vorausſetzungen hervorgebracht worden ſind. Der lebendige Sinn, der ſie
52 2285 1424 2381 hervorgebracht hat, das perſönliche Leben, aus dem ſie erzeugt ſind, die innerſten
52 2346 1420 2457 Beweggründe, die dabei mitgewirkt haben, können nicht überliefert werden.
