1497 2610
718 60 776 119 11
63 169 1431 234 römiſche Katholicismus. Die Erſcheinung deſſelben erinnert uns an
63 213 1427 293 das alte Rom, ſeine furchtbare Centraliſationskraft, die unerſchütterliche Con⸗
65 265 1429 343 ſequenz, mit der es ſeine Ziele in's Auge faßte, ſeine Zwecke verfolgte — ſeine
63 321 1431 398 Weltherrſchaft. Auch unter dem Bleidrucke des kaiſerlichen Despotismus
63 376 1429 450 hat Rom der Freiheit, ſeiner ſchönſten Jugenderinnerung, nie ganz vergeſſen
63 434 1427 502 können, und mit dem Schein und Schatten derſelben hat es noch immer ge⸗
63 485 1429 561 ſpielt, als Weſen und Kraft längſt verflogen war. Eine verwandte Wahrnehmung
60 543 1427 613 bietet ſich uns in dem römiſchen Katholicismus dar. Er kann es nicht verläug⸗
63 595 1431 663 nen, daß er urſprünglich ein Sohn der Freiheit iſt, daß er ſein Anrecht auf
60 650 1431 717 die Beherrſchung der Völker dem Schutze verdanlt, den er denſelben gegen
60 702 1427 769 despotiſche Laune und herriſche Willkür gewährt hat. Aber der Gedanke und
60 750 1431 826 Trieb der Weltbeherrſchung erfüllt ihn viel zu ſehr, als daß er im Ernſte
60 809 1429 885 daran denken könnte, der Freiheit Luft und Raum zu gönnen. Einheitliche
60 861 1431 933 Gewiſſensleitung von einem oberſten Punkte aus bis an die äußerſten Grenzen
60 917 1431 989 und Enden: das bleibt ſein Grundbeſtreben. Wohin ſind die romaniſchen
58 965 652 1037 Völker auf dieſem Wege gelangt?
139 1015 1429 1094 Es ſind nur zwei Ausgänge auf demſelben möglich. Der eine führt zur
58 1067 1429 1146 religiöſen Stumpfheit und Dumpfheit. Wo der religiöſe Herzſchlag
60 1128 1429 1194 gelähmt wird, da ſtockt allmälig das Blut in allen Adern des öffentlichen
60 1170 1427 1252 Lebens, da gedeiht weder Wiſſenſchaft noch Kunſt, weder Handel noch Verkehr,
60 1228 1431 1305 weder Acker noch Werkſtätte. Der Sinn wird eng und klein, das Auge fürchtet
60 1276 1429 1359 den Blick in's Weite, der Geiſt verſchließt ſich jedem friſchen Luftzuge neuer
60 1333 1427 1415 Gedanken: es tritt zuletzt eine allgemeine Erſchlaffung ein. So iſt es z. E.
58 1389 1431 1468 in Spanien geworden. Dort iſt ſie aufgegangen — die Frucht einer bigotten
60 1442 1429 1526 Regierung, eines finſteren politiſchen und kirchlichen Despotismus, eines
60 1496 1429 1576 Centraliſationsfanatismus, dem nichts heilig iſt, auch nicht das Heiligthum
58 1550 1431 1631 des Gewiſſens. Man träumt von einer Verjüngung Spaniens, von den
58 1609 1429 1685 dortigen künftigen Segnungen einer liberaleren Staatsform. Aber ſo lange
58 1666 1427 1737 die Bibel geächtet, das freie religiöſe Bekenntniß mit dem Bann belegt iſt,
60 1711 1431 1792 ſo lange giebt es keine wahre Wiedergeburt für die edle und ritterliche ſpaniſche
60 1772 1427 1846 Nation, die ein beſſeres Loos verdiente, als welches ihr durch pfäffiſchen Geiſtes⸗
58 1818 1283 1896 druck und leider auch durch eigene Gewiſſensſchuld bereitet worden iſt.
137 1881 1431 1948 Der andere Ausgang führt zur religiöſen Gleichgültigkeit, zum
58 1927 1429 1998 Weltſinn. Dieſen hat das römiſche Syſtem in Italien und Frankreich
56 1985 1431 2059 genommen. Man rühmt die wiedererſtandene Macht des Prieſterthums in
56 2040 1431 2111 dieſen Ländern. Aber wen hat ſie denn wieder gewonnen? Daß die Städte in
58 2090 1429 2166 unſerer Zeit die Bewegungspunkte der Nationen ſind, daß Aufgang und Nieder⸗
56 2142 1429 2214 gang, Kraftentwicklung und Erſchlaffung des öffentlichen Lebens durch ſie be⸗
56 2196 1431 2272 dingt ſind, wird ſchwerlich beſtritten werden. Ob es ſo wünſchenswerth ſei
56 2246 1429 2320 oder nicht, darauf kommt es hier nicht an, es iſt aber einmal that⸗
56 2303 1429 2377 ſächlich ſo. Wie ſieht es aus mit der Städte⸗Bevölkerung in Frankreich,
56 2355 1429 2451 in Italien? Wer unter den Gebildeten glaubt wirklich an die Lehren und
