1497 2610
731 45 759 104 9
65 147 1431 224 nen ſichtbaren Form, Chriſtus ſelbſt will uns gründen in unſichtbarer
63 204 1431 278 Kraft. Wir wollen ſchauen; nach Chriſti Wort können wir nur ſelig werden
63 263 1429 328 durch Glauben. Wir ſtreben nach Macht des Kirchenthums, und doch
63 311 1431 382 hat dieſelbe ſchon vor Jahrhunderten zur Ohnmacht des Chriſtenthums
65 371 206 426 geführt.
145 419 1429 487 Vor wenigen Wochen ertönte durch ganz Frankreich von den Thron⸗
58 465 1431 541 ſitzen der Erzbiſchöfe und Biſchöfe ein Schrei der Entrüſtung und des Abſcheues
63 519 1431 589 darüber, daß der Pabſt in Gefahr ſchwebe, ſeine weltliche Herrſchaft oder
63 576 1433 645 doch einen Theil derſelben zu verlieren. Jene Würdenträger der katholiſchen
63 630 1433 702 Kirche erklärten die Kirche überhaupt in Gefahr, wenn an dem Umfange
60 678 1427 756 des weltlichen Machtgebietes ihres Oberhauptes irgend etwas gemindert würde.
67 741 1429 809 Ein trefflicher franzöſiſcher Proteſtant, Herr E. von Preſſenſé hat eben ſo
63 785 1431 863 ſcharfſinnig als einſchneidend hierauf entgegnet, ob denn nicht darin die größte
63 841 1431 909 Gefahr für eine Kirche beſtehe, wenn dieſelbe in ihren Grundlagen erſchüttert
63 891 1431 974 ſei, ſobald ihr Oberhaupt aufhört, ein weltlicher Herr zu ſein?“) Von dem
60 952 1433 1022 Standpunkt jener Biſchöfe aus wird ja das Reich des Geiſtes auf den Boden
60 998 1429 1078 der äußeren Gewalt geſtellt, und das Chriſtenthum erhält einen Hintergrund,
60 1052 1429 1128 der ſeinem wahren Weſen fremd iſt. Es giebt viele treffliche Katholiken, die das
60 1107 1429 1178 tief beklagen. Aber in der römiſchen „Kirche“ als ſolcher, als einer Anſtalt in dieſer
60 1161 1429 1231 Welt und von dieſer Welt, liegt es nun einmal, daß ſie einen Zug nach
58 1209 1433 1291 dieſer Welt hat. Und wenn dieſer Zug nicht nur katholiſcherſeits, ſondern
58 1272 1433 1346 auch in evangeliſchen Kreiſen gegenwärtig beſonders ſtark hervortritt, wenn
60 1318 1431 1396 Manchem das Recht in der Kirche höher ſteht als die Wahrheit, das
60 1372 1427 1450 Amt höher als der Dienſt, die Form höher als das Weſen, der Buch⸗
60 1426 1429 1502 ſtabe höher als der Geiſt: ſo iſt dies eins der bedeutungsvollſten Zeichen der
60 1492 1431 1561 Zeit, ein Zeichen, daß ein Anflug des materialiſtiſchen Sinnes auch die
58 1535 1429 1616 Kirche berührt, daß der Glaube an ihre ewige Wahrheit, an ihr Geiſtweſen,
60 1592 1431 1674 in der Kirche erſchüttert worden iſt, und Wahrnehmungen dieſer Art erinnern
60 1644 663 1718 uns, zu beten und zu wachen.
141 1707 1431 1774 Es iſt ein Zeichen der Zeit, daß manche, gewiß auch innerlich fromme
60 1748 1433 1826 und redliche, Chriſten den Unterſchied zwiſchen Kirche und Evangelium überhaupt
60 1807 1429 1874 zu vergeſſen angefangen haben, daß es wenigſtens den Anſchein gewinnt, als ob
60 1855 1429 1927 es für nicht Wenige keine evangeliſche Geſinnung mehr gäbe außerhalb des Um⸗
60 1905 1427 1983 kreiſes der ſtrengſten kirchlichen Formen. Wir erblicken hierin keine kleine Gefahr;
60 1961 1429 2040 denn der Weg, der damit betreten wird, iſt nicht der, welchen Gott dem deut⸗
63 2016 1433 2094 ſchen Volke ſeit der Reformation gewieſen hat. Dieſe Blätter wollen bei den
63 2077 1433 2151 Geiſtlichen, ſie wollen aber insbeſondere auch bei der evangeliſchen Gemeinde
63 2131 1431 2194 einkehren; ſie wollen nach ihrem beſcheidenen Theile mit dazu beitragen, daß
60 2185 1431 2246 unſer Volk ſeinen Chriſtenberuf ſo erfüllt, wie es der geſchichtlich ange⸗
60 2233 1431 2316 zeigte Wille Gottes iſt, wie ſeine ganze bisherige nationale und chriſtliche Ent⸗
119 2349 1207 2444 *) E. de Pressensé, le pouvoir temporel est-il nécessaire à la religion?
