1562 2610
626 4 889 160 Prospect.
54 247 1424 406 Allgemeine kirchliche Zeitſchriſt.
480 508 981 606 Ein Organ
193 582 1287 724 für die evangeliſche Geiſtlichkeit und Gemeinde.
439 809 1037 878 Unter Mitwirkung ausgezeichneter
313 874 1163 989 Theologen, Geiſtlichen und Gemeindegenoſſen
576 991 896 1085 herausgegeben
704 1065 772 1135 von
474 1131 1013 1202 Profeſſor Dr. Daniel Schenkel,
174 1176 1292 1261 Großherzoglich Badiſchem Kirchenrath, Seminar⸗Director und erſtem Univerſitätsprediger.
145 1389 1420 1478 Schon ſeit längerer Zeit, und immer dringender, hat ſich das Bedürfniß
50 1448 1420 1522 zur Gründung eines Organes gezeigt, welches das kirchliche Leben der
50 1498 1422 1576 Gegenwart, ſeine Bewegung und Entwicklung, nicht nur für die
47 1546 1418 1631 engeren Kreiſe der Fachmänner (Theologen und Geiſtlichen), ſondern auch für
45 1607 1416 1685 die weiteren der chriſtlichen Gemeindegenoſſen ſo umfaſſend, einge⸗
43 1652 1416 1735 hend und überſichtlich als möglich zu beleuchten und darzulegen ſich zur Auf⸗
45 1707 274 1785 gabe machte.
126 1759 1418 1844 Der Stand der Theologen und Geiſtſichen iſt gewiß ein höchſt wichtiger
45 1822 1414 1900 und einflußreicher innerhalb der evangeliſchen Kirche, und ſoll es immer bleiben;
45 1877 1418 1950 aber er bildet — nach den Grundſätzen der Reformation — nicht die Kirche
41 1922 1418 2011 ſelbſt. Die evangeliſche Kirche ruht auf der Kraft und Lebendigkeit der Ge⸗
45 1972 1418 2055 meinde, und was der fromme Spener vor bald zwei Jahrhunderten, als
43 2031 1416 2109 der Prophet einer beſſeren kirchlichen Zukunft, erſehnt und geweiſſagt hat, wird
41 2092 1416 2161 ſich ſicherlich immer mehr erfüllen: die Gemeinde wird immer mehr in ihre
41 2144 1416 2218 apoſtoliſchen Urrechte eintreten und ſich zum geiſtlichen Tempel erbauen, in
39 2190 609 2270 welchem der heil. Geiſt wohnet.
115 2251 1414 2329 Aber wie vieler Arbeit und Vorbereitung bedarf es noch, damit dieſer leben⸗
39 2294 1411 2385 dige Bau zum Preiſe Gottes und zur Verherrlichung des Erlöſers ſich freudig
36 2355 1411 2455 erhebe! Unſere ſeit Jahrhunderten der kirchlichen Thätigkeit großentheils entfrem⸗
