1501 2610
752 80 817 139 20
102 191 1470 258 zu fürchten, obwohl auch hierin Vorſicht und Treue Noth thut. Allerdings
104 245 1470 315 giebt es hin und wieder einzelne Proteſtanten, welche ſich in das Netz der
110 300 1466 358 Propaganda gefangen geben, welche zum Schmerze der treugebliebenen Glau⸗
106 350 1468 417 bensgenoſſen ihrer Kirche den Rücken wenden, und daß ſelbſt Diener des gött⸗
106 402 1468 471 lichen Wortes bisweilen darunter ſich befinden, das kann unſern Schmerz
108 456 1470 517 nur verſtärken. Allein manche andere, welche nicht ihre Kirche zu verlaſſen
106 508 1468 576 gedenken, zeigen doch eine unverkennbare Hinneigung zu katholiſchen Anſchauun⸗
106 554 1470 626 gen. Dieſe gegenwärtig nicht ſelten vorkommende Erſcheinung hat namentlich
108 611 1472 678 zwei Urſachen. Leider herrſcht unter manchen Proteſtanten nicht geringe
108 665 1472 726 Unwiſſenheit über das eigentliche Weſen des proteſtantiſchen
108 719 1468 782 Glaubens. Manche bilden ſich ein: die Mitte der proteſtantiſch chriſt⸗
108 769 1472 837 lichen Wahrheit beſtehe in der Vorſtellung, daß der Menſch die Kraft zum
113 822 1470 889 Rechtthun ohne Weiteres in ſich ſelbſt trage und daß er in religiöſen Dingen
110 876 1470 941 aufgeklärt denke. Wenn dann katholiſcherſeits bewieſen wird, daß die katho⸗
108 926 1470 993 liſche Kirche dem Menſchen größere Kraft zum Rechtthun einräumt, und einer
108 980 1470 1050 (oberflächlichen) Aufklärung weniger ſcharf entgegentritt, als die proteſtantiſche:
110 1033 1468 1102 dann begreift man leicht, daß die erſtaunte Unwiſſenheit keine Waffe zur Ver⸗
108 1091 1468 1154 theidigung des wahren Proteſtantismus in der Hand hat und eine Beute des
108 1139 728 1207 gewandteren Gegners werden kann.
193 1194 1468 1259 Unſere Zeit hat große Fortſchritte auf allen Gebieten menſchlichen Wiſſens
113 1252 1472 1313 und Erkennens gemacht. Verbergen wir es uns nicht: ſie hat in der religiöſen
113 1302 1472 1365 Erkenntniß nicht ganz Schritt gehalten. Zum Theil liegt die Urſache hiervon
110 1352 1470 1418 wohl in der auf materiellen Fortſchritt gerichteten Grundſtimmung, welche der
113 1402 1472 1472 Zeit gewiſſermaßen ihren Stempel aufdrückt. Allein ſie liegt doch noch mehr
113 1457 1470 1524 in der ſeit lange eingetretenen Entfremdung der Gemeinden von ſelbſtſtändiger
113 1511 1472 1576 kirchlicher Thätigkeit. Wenn ein Stand faſt ausſchließlich ſich mit kirchlichen
115 1565 1470 1629 Angelegenheiten beſchäftigt; wenn die Glieder der übrigen Stände, wie welt⸗
115 1616 1466 1685 erfahren und ſachkundig ſie auch in allen ſonſtigen Verhältniſſen ſich erzeigen mögen,
115 1672 1472 1735 von der Mitwirkung bei der Ordnung und Leitung der kirchlichen Gemeinſchaft
115 1724 1472 1792 ausgeſchloſſen ſind: ſo liegt es in der Natur der Sache, daß, wo keine Theil⸗
117 1779 1474 1842 nahme mehr iſt, da bald auch kein Verſtändniß mehr ſich zeigt. Denn die
115 1831 1068 1898 beſte Lehrerin bleibt auch in der Kirche die Erfahrung.
195 1885 1474 1948 Sicherlich giebt es keine verkehrtere Auffaſſung des Proteſtantismus, als
117 1935 1474 2005 wenn man ihn ohne Weiteres zu einer Religion der Rechtſchaffenheit und Auf⸗
119 1987 1477 2055 klärung herabſetzt. Weil er im innerſten Punkte des Gewiſſens wurzelt,
121 2046 1474 2109 ſo hat er auch ſeine tiefſten Wurzeln in der Erkenntniß der Sünde,
119 2101 1474 2164 und er macht dem römiſchen Katholicismus namentlich das zum Vorwurfe,
121 2151 1474 2216 daß er die Sünde nicht ſo ernſt und nicht ſo tief faßt. Der Proteſtan⸗
121 2205 1474 2270 tismus ſtellt den Begriff des Menſchen ſehr hoch; er glaubt an die urſprüng⸗
121 2257 1477 2325 liche, angeborne Menſchenwürde; ein Zug edler Idealität geht durch ſeine ganze
121 2314 1477 2379 religiöſe Anſchauung hindurch. Er iſt eben darum ſo tief verwandt, ſo eng
121 2368 1479 2462 verwachſen mit dem Leben des deutſchen Volkes. Aber nur deßhalb ſtellt er
