1502 2610
768 43 831 104 22
202 156 1478 221 Aber eben von hier aus werden wir nun auf die zweite Urſache geführt,
117 210 1478 271 die nicht ſelten Gliedern unſerer Kirche geheime Neigungen für die römiſch⸗
121 263 1480 328 katholiſche einflößt. In dieſer hat das Chriſtenthum ſich ſcheinbar in ſeinem
121 315 1478 382 Feſtſchmuck begeben; da hat die Wahrheit für den äußern Sinn das Gewand
121 367 1480 428 der Schönheit angenommen; und wie bezaubernd auf geiſtreiche Männer und
119 424 1482 485 Frauen der Sinnenreiz des katholiſchen Cultus zu wirken vermag, davon kann
119 476 1480 545 uns das Zeitalter der Romantik, können uns die Novalis, Schlegel, Stol⸗
119 517 1116 591 berg, Werner u. A. m. in ſchlagender Weiſe überzeugen.
206 585 1484 645 Und war es denn nicht wirklich ein grober Irrthum, als eine nüchterne
121 632 1482 693 Schule lehrte, daß das Schöne nicht wahr, und daß das Wahre nicht ſchön
121 682 1480 748 ſein könne? Aber noch ein viel größerer Irrthum iſt es, wenn die ſinn⸗
119 735 1480 806 liche vergängliche Schönheit an die Stelle der geiſtigen und himmliſchen geſetzt
121 787 1480 856 wird. Und das iſt ſchon innerhab des mittelalterlichen Kirchenthums vielfach
124 846 1480 913 geſchehen. Das Chriſtenthum iſt kein Werk der Kunſt, ſondern eine Schöpfung
121 893 1480 965 des h. Geiſtes. Daß es ſeine wunderbare Macht über alle Gebiete des
124 948 1478 1013 Lebens und der Welt ausbreiten ſoll, das iſt allerdings ſeine Beſtimmung.
126 1002 1480 1074 Darum mußte es auch eine chriſtliche Kunſt und chriſtliche Kunſtwerke erzeugen.
121 1052 1478 1126 Aber die chriſtliche Wahrheit ſelbſt kann nicht in Kunſt verwandelt werden;
119 1109 1478 1174 die Kunſt ſoll umgekehrt durch das Chriſtenthum wahr werden. Man ſpricht
121 1161 1480 1228 jetzt ſo oft davon: der Geiſt, alſo auch der chriſtliche Geiſt, müſſe Natur
119 1215 1478 1287 werden. Das Chriſtenthum fordert umgekehrt: daß die Natur Geiſt, daß
117 1268 1182 1339 die geſammte Welt ein Organ des chriſtlichen Geiſtes werde.
200 1320 1478 1385 Die mittelalterliche Kirche hat in der Naturwerdung des Geiſtes Wunder⸗
117 1374 1480 1439 bares geleiſtet; ihre herrlichen Dome ſind in Stein verwandelte Predigten
117 1428 1478 1500 von dem Kreuze Chriſti. Aber dieſe ſteinernen Predigten, ſammt den in Holz
119 1481 1478 1544 geſchnitzten und gemalten „Laienbibeln“, den Bildern, haben die Chriſtenheit
119 1533 1475 1598 nicht vor dem ſteigenden Verfalle, nicht vor dem Abgrunde eines Irrthums
117 1585 1478 1648 geſchützt, in welchem die Reformatoren die Offenbarung des Antichriſtenthums
121 1633 1480 1703 ſelbſt erblicken zu müſſen meinten. Wo die lebendige Predigt verſtummt, da
119 1692 1478 1766 wirkt die Stimme aus Holz und Steinen nicht mehr. Die Erfahrung beweiſt,
121 1748 1480 1809 daß je mehr Gewicht auf die ſtumme gelegt wird, deſto mehr Werth und
124 1798 724 1863 Wirkung der lebendigen ſchwindet.
204 1848 1482 1918 Es wäre nicht ſchwer, in der Gegenwart manche Merkmale aufzufinden,
119 1909 1482 1970 welche auf einen erneuerten Verſuch, den chriſtlichen Geiſt in Natur
117 1961 1480 2033 zu verwandeln, hindeuten. Das iſt nicht die Aufgabe der deutſchen evan⸗
121 2016 1482 2081 geliſchen Kirche in der Gegenwart. Sie hat umgekehrt die Aufgabe, mit
121 2068 1482 2133 gewiſſenhaftem Ernſte das Panier des Geiſtes in dieſem Augenblicke recht
117 2120 391 2185 hoch zu halten.
206 2175 1484 2240 Manche, die es gewiß gut meinen, ſind gegenwärtig der Anſicht, es liege
119 2220 1484 2294 in der Aufgabe der evangeliſchen Kirche, der katholiſchen ſich anzunähern, und
119 2283 1480 2349 es fehlt gerade jetzt an Beſtrebungen innerhalb der deutſchen evangeliſchen Landes⸗
119 2335 1482 2429 kirchen nicht, welche Lehre, Gottesdienſt, Verfaſſung, Amt, wo immer möglich,
