1497 2610
728 21 748 80 7
137 123 1423 195 Aber hüten wir uns vor Täuſchung. Der Unglaube erſcheint nicht ſelten
54 169 1425 254 im Gewande des Glaubens, der Glaube ſcheint die Geſtalt des Unglaubens
56 245 465 311 angenommen zu haben.
137 276 1423 361 Unſer Erlöſer hat den höchſten Gegenſtand des Glaubens bezeichnet, als
50 332 1423 411 er Gott als Geiſt beſchrieb. Wer nicht an den Geiſt glaubt, der glaubt auch
52 395 1423 465 nicht an Gott. Der nackte Unglaube läugnet, daß überhaupt Geiſt iſt; was
54 441 1423 519 nicht erſcheint, das iſt für ihn nicht vorhanden. Das Chriſtenthum iſt
54 500 1425 574 die Religion des Geiſtes; jede Verläugnung der oberſten Autorität des
54 552 1427 626 Geiſtes, und vor Allem des Geiſtes der Geiſter, des lebendigen Gottes, iſt
56 600 1427 680 feineres oder gröberes Heidenthum. Was lernen wir aus den Zeichen der
54 656 1172 735 Zeit in dieſer Beziehung von unſeren gegenwärtigen Zuſtänden?
139 715 1429 789 Es iſt wahr: vielfach tritt der geiſtverläugnende Unglaube kalt und nackt
58 765 1427 843 uns jetzt entgegen. Schon der Jugend ſind öfters die Flügel des Geiſtes
56 815 1429 896 beſchnitten; es fehlt an edelm Aufſchwunge und friſcher Hingabe an das Gute
56 876 1429 950 und Ewige, an Opferwilligkeit und Geiſtesfreudigkeit ſelbſt in den Lebensjahren,
58 930 1431 1002 die ſonſt noch nicht Nützlichkeitstrieben folgen, die von dem warmen Schlage
58 978 1429 1059 des fühlenden Herzens mehr als der kühlen Ueberlegung des berechnenden Ver⸗
60 1035 1433 1111 ſtandes geleitet zu werden pflegen. Was augenblicklich nützt, was Ausſicht
60 1083 1431 1159 auf raſchen Gewinn bietet, was zu äußeren Beförderungen und Ehren führt:
60 1139 1433 1211 das iſt es, was die Meiſten frühe ſuchen und raſch erſtreben. Der Materia⸗
60 1191 1433 1263 lismus hat dieſe Geſinnung in Regeln gebracht und den klaren, gemeinver⸗
63 1252 1438 1320 ſtändlichen Ausdruck dafür gefunden. Aber ſie war ſchon vor ihm da; er hat
65 1305 1438 1374 nicht ſie, ſie hat ihn hervorgebracht. Daher das leichtfertige Börſenſpiel, das
65 1359 1440 1426 Vornehm und Gering in ſein dämoniſches Netz zieht, der verbrecheriſche
67 1407 1440 1483 Schwindel, der die Kinder des Genuſſes in einem Augenblicke von dem Gipfel
67 1459 1438 1535 des Wohllebens in den Abgrund des Elends ſtürzt, die ſittliche Schlaffheit,
67 1522 1442 1589 welche in ſo vielen Fällen kein ernſtes warnendes Wort gegen das wachſende
71 1579 713 1646 Verderben mehr auszuſprechen wagt.
152 1626 1442 1696 Dieſe Durchſchnittsgeſinnung des Materialismus hindert natürlich jede
71 1676 1442 1750 tiefere religiöſe und ſittliche Weltbetrachtung. Sie befördert um ſo mehr die
71 1735 1444 1803 rohe Gewalt, ſowohl die des übermächtigen Einzelwillens, welcher nach Willkür
73 1787 1444 1859 und Laune das Recht beugt, als die des ſelbſtſüchtigen Maſſentriebes, welcher
73 1835 1444 1909 die Schranken geordneter, ächt freiheitlicher Entwicklung zuchtlos durchbricht.
73 1890 1446 1966 Darin liegt die Schuld, daß die Gegenwart zwiſchen despotiſcher Willkür und
76 1946 1449 2020 anarchiſchem Maſſendruck in ſteter Angſt hin und her gezerrt wird, daß ſie
78 1994 1240 2081 weder Ruhe findet, noch Ordnung, weder Freiheit, noch Frieden.
163 2055 1449 2133 Man hört öfters die Bemerkung: nur die Kirche kann helfen. Warum hat
78 2103 1451 2181 ſie denn bis jetzt nicht geholfen? Iſt nicht gerade das eines der bedenkener⸗
80 2153 1453 2233 regendſten Zeichen der Zeit, daß ſie die Hülfe öfters verſprochen, aber doch ſo
80 2216 1453 2288 wenig eine gründliche gebracht hat? Nicht als ob wir verkennen wollten, was
84 2257 1455 2340 von Organen der Kirche Treffliches, Anerkennungswerthes, Wohlgemeintes im
84 2314 1455 2422 Einzelnen geſchehen iſt. Aber genauer betrachtet iſt es doch ungleich weniger
