<?xml version="1.0" encoding="UTF-8"  standalone="yes"?>
<PcGts xmlns="http://schema.primaresearch.org/PAGE/gts/pagecontent/2019-07-15" xmlns:xsi="http://www.w3.org/2001/XMLSchema-instance" xsi:schemaLocation="http://schema.primaresearch.org/PAGE/gts/pagecontent/2019-07-15 http://schema.primaresearch.org/PAGE/gts/pagecontent/2019-07-15/pagecontent.xsd">
  <Metadata externalRef="https://opendigi.ub.uni-tuebingen.de/opendigi/image/akzs_1860/akzs_1860_00015.jp2/full/full/0/default.jpg">
	<Creator>escriptorium</Creator>
	<Created>2022-02-23T18:18:46.093406+00:00</Created>
        <LastChange>2022-02-23T18:18:46.093421+00:00</LastChange>
  </Metadata>
  <Page imageFilename="akzs_1860_00015.jpg" imageWidth="1497" imageHeight="2610">
    <TextRegion id="eSc_textblock_fe85ebce"  >
      <Coords points="789,110 731,119 731,69 781,69 789,110"/>
      <TextLine id="eSc_line_84f85d68" >
        <Coords points="728,110 724,67 776,63 783,106 783,141 728,141"/>
        <Baseline points="728,110 783,106"/>
        <TextEquiv>
          <Unicode>13</Unicode>
        </TextEquiv>
      </TextLine>
    </TextRegion>
    <TextRegion id="eSc_textblock_2e2a9272"  >
      <Coords points="1442,1241 833,1252 861,1296 1111,1305 1174,1357 1451,1374 1442,2416 69,2407 78,1392 128,1392 165,1348 337,1348 391,1296 739,1259 69,1233 78,182 1451,200 1442,1241"/>
      <TextLine id="eSc_line_1df3ac53" >
        <Coords points="71,221 69,174 1433,176 1440,217 1438,232 71,234"/>
        <Baseline points="71,221 1440,217"/>
        <TextEquiv>
          <Unicode>Gottes hungern und nach evangeliſcher Freiheit dürſten: das verbürgen hundert</Unicode>
        </TextEquiv>
      </TextLine>
      <TextLine id="eSc_line_47fb0b2f" >
        <Coords points="71,274 71,226 1436,226 1436,274 1436,287 71,287"/>
        <Baseline points="71,274 1436,274"/>
        <TextEquiv>
          <Unicode>Thatſachen. Gleichwohl wäre es Täuſchung, wenn wir uns der Meinung</Unicode>
        </TextEquiv>
      </TextLine>
      <TextLine id="eSc_line_bb6b1ed9" >
        <Coords points="71,328 67,274 1433,271 1440,324 1438,334 71,339"/>
        <Baseline points="71,328 1440,324"/>
        <TextEquiv>
          <Unicode>hingeben wollten, Italien ſei für die Reformation reif. Wir ſind für einmal</Unicode>
        </TextEquiv>
      </TextLine>
      <TextLine id="eSc_line_b610323e" >
        <Coords points="71,380 71,324 1436,332 1436,380 1433,393 69,391"/>
        <Baseline points="71,380 1436,380"/>
        <TextEquiv>
          <Unicode>zufrieden, wenn ſich ſeine Thore nur der Predigt des göttlichen Wortes öffnen,</Unicode>
        </TextEquiv>
      </TextLine>
      <TextLine id="eSc_line_b6eb1ab2" >
        <Coords points="71,434 67,389 1431,384 1438,430 1436,448 71,448"/>
        <Baseline points="71,434 1438,430"/>
        <TextEquiv>
          <Unicode>wenn der Eintritt des Lichtes nur nicht gewaltſam durch aufgethürmte Mauern</Unicode>
        </TextEquiv>
      </TextLine>
      <TextLine id="eSc_line_f39b88f1" >
        <Coords points="71,482 69,437 1227,432 1231,487 1227,498 67,493"/>
        <Baseline points="71,482 1231,487"/>
        <TextEquiv>
          <Unicode>und Wälle, nämlich durch Strafen und Verbote, verhindert wird.</Unicode>
        </TextEquiv>
      </TextLine>
      <TextLine id="eSc_line_df8d1647" >
        <Coords points="154,541 154,485 1440,493 1440,541 1440,554 154,554"/>
        <Baseline points="154,541 1440,541"/>
        <TextEquiv>
          <Unicode>Auch über Frankreich täuſchen wir uns nicht. Erweckungen, Bekehrungen</Unicode>
        </TextEquiv>
      </TextLine>
      <TextLine id="eSc_line_80f67ffa" >
        <Coords points="71,591 71,539 1436,548 1438,595 1433,604 69,600"/>
        <Baseline points="71,591 1438,595"/>
        <TextEquiv>
          <Unicode>kommen hin und wieder vor, und daß weit mehr franzöſiſche Katholiken zum</Unicode>
        </TextEquiv>
      </TextLine>
      <TextLine id="eSc_line_60c67af2" >
        <Coords points="73,645 71,595 1431,598 1436,641 1433,656 73,661"/>
        <Baseline points="73,645 1436,641"/>
        <TextEquiv>
          <Unicode>Proteſtantismus übertreten als umgekehrt, das iſt unzweifelhaft. Die Fran⸗</Unicode>
        </TextEquiv>
      </TextLine>
      <TextLine id="eSc_line_9180ec13" >
        <Coords points="71,704 69,648 1433,650 1438,698 1436,709 71,715"/>
        <Baseline points="71,704 1438,698"/>
        <TextEquiv>
          <Unicode>zoſen reſpectiren den Proteſtantismus. Er repräſentirt in ihrer Mitte eine</Unicode>
        </TextEquiv>
      </TextLine>
      <TextLine id="eSc_line_65cb025c" >
        <Coords points="71,754 71,704 1440,706 1440,754 1440,769 71,769"/>
        <Baseline points="71,754 1440,754"/>
        <TextEquiv>
          <Unicode>edlere und feinere Bildung, den moraliſchen Muth, die Gewiſſenhaftigkeit, die</Unicode>
        </TextEquiv>
      </TextLine>
      <TextLine id="eSc_line_f01318be" >
        <Coords points="71,806 67,756 1429,754 1436,802 1433,815 71,819"/>
        <Baseline points="71,806 1436,802"/>
        <TextEquiv>
          <Unicode>chriſtliche Tapferkeit, das Märtyrerthum. Aber ſie verſtehen ihn im Allgemei⸗</Unicode>
        </TextEquiv>
      </TextLine>
      <TextLine id="eSc_line_186f3045" >
        <Coords points="71,856 69,811 1436,809 1438,861 1433,878 69,867"/>
        <Baseline points="71,856 1438,861"/>
        <TextEquiv>
          <Unicode>nen ſo wenig als die Italiener. Der Sinn für individuelle Freiheit, für</Unicode>
        </TextEquiv>
      </TextLine>
      <TextLine id="eSc_line_aea33195" >
        <Coords points="71,909 71,854 1436,865 1438,915 1433,926 69,920"/>
        <Baseline points="71,909 1438,915"/>
        <TextEquiv>
          <Unicode>religiöſe und ſittliche Selbſtverantwortlichkeit, iſt in ihrer Mitte nicht aus⸗</Unicode>
        </TextEquiv>
      </TextLine>
      <TextLine id="eSc_line_03d7dae1" >
        <Coords points="73,965 71,922 1431,915 1436,970 1431,983 71,976"/>
        <Baseline points="73,965 1436,970"/>
        <TextEquiv>
          <Unicode>gebildet. Sie leben unter einem Regierungsſyſtem, das darauf eingerichtet iſt,</Unicode>
        </TextEquiv>
      </TextLine>
      <TextLine id="eSc_line_84586996" >
        <Coords points="71,1017 71,967 1433,974 1436,1022 1431,1033 69,1028"/>
        <Baseline points="71,1017 1436,1022"/>
        <TextEquiv>
          <Unicode>dieſen Sinn immer mehr abzuſchwächen. Weil die Unterdrückung der Gewiſſens⸗</Unicode>
        </TextEquiv>
      </TextLine>
      <TextLine id="eSc_line_185de5df" >
        <Coords points="71,1070 71,1015 1436,1030 1438,1076 1433,1089 69,1078"/>
        <Baseline points="71,1070 1438,1076"/>
        <TextEquiv>
          <Unicode>Ueberzeugung auf Koſten der einheitlichen allgemeinen Macht ihnen als ganz</Unicode>
        </TextEquiv>
      </TextLine>
      <TextLine id="eSc_line_e6b69b32" >
        <Coords points="71,1120 71,1074 1436,1083 1438,1128 1433,1137 69,1135"/>
        <Baseline points="71,1120 1438,1128"/>
        <TextEquiv>
          <Unicode>in der Ordnung erſcheint, darum befremdet ſie jede Offenbarung jenes ent⸗</Unicode>
        </TextEquiv>
      </TextLine>
      <TextLine id="eSc_line_dccf9f19" >
        <Coords points="71,1172 71,1120 1436,1135 1438,1183 1433,1191 69,1183"/>
        <Baseline points="71,1172 1438,1183"/>
        <TextEquiv>
          <Unicode>ſchloſſenen Muthes, der lieber alle Güter opfert, als das höchſte Gut verliert:</Unicode>
        </TextEquiv>
      </TextLine>
      <TextLine id="eSc_line_d4f2b117" >
        <Coords points="71,1224 71,1172 1433,1187 1436,1237 1431,1246 69,1241"/>
        <Baseline points="71,1224 1436,1237"/>
        <TextEquiv>
          <Unicode>die Wahrheit des Evangeliums und die Freiheit des Gewiſſens.</Unicode>
        </TextEquiv>
      </TextLine>
      <TextLine id="eSc_line_921b52c7" >
        <Coords points="733,1294 731,1237 774,1231 776,1294 776,1305 733,1305"/>
        <Baseline points="733,1294 776,1294"/>
        <TextEquiv>
          <Unicode>3.</Unicode>
        </TextEquiv>
      </TextLine>
      <TextLine id="eSc_line_9a835ea9" >
        <Coords points="374,1341 372,1289 672,1281 674,1281 674,1281 759,1291 781,1296 1111,1296 1133,1346 1129,1357 369,1350"/>
        <Baseline points="374,1341 1133,1346"/>
        <TextEquiv>
          <Unicode>Der religiöſe Beruf des deutſchen Volkes.</Unicode>
        </TextEquiv>
      </TextLine>
      <TextLine id="eSc_line_cbb1490f" >
        <Coords points="156,1392 159,1347 1440,1364 1442,1400 1438,1409 152,1400"/>
        <Baseline points="156,1392 1442,1400"/>
        <TextEquiv>
          <Unicode>Wir leben gegenwärtig in einer Zeit, die viele wackere Deutſche mit</Unicode>
        </TextEquiv>
      </TextLine>
      <TextLine id="eSc_line_03cb6bf9" >
        <Coords points="76,1444 76,1396 1442,1407 1444,1455 1440,1463 73,1457"/>
        <Baseline points="76,1444 1444,1455"/>
        <TextEquiv>
          <Unicode>Schmerz und Muthloſigkeit erfüllt. Gott hat den deutſchen Volksſtamm in die</Unicode>
        </TextEquiv>
      </TextLine>
      <TextLine id="eSc_line_d74fc3d8" >
        <Coords points="73,1496 73,1442 1442,1459 1444,1507 1440,1518 71,1507"/>
        <Baseline points="73,1496 1444,1507"/>
        <TextEquiv>
          <Unicode>Mitte der europäiſchen Völker geſtellt, und ſchon durch dieſe geographiſche</Unicode>
        </TextEquiv>
      </TextLine>
      <TextLine id="eSc_line_69e9c7cd" >
        <Coords points="73,1552 73,1500 1444,1513 1444,1563 1440,1576 71,1561"/>
        <Baseline points="73,1552 1444,1563"/>
        <TextEquiv>
          <Unicode>Weltſtellung ihn an ſeine hohe Culturaufgabe erinnert. Von den romaniſchen</Unicode>
        </TextEquiv>
      </TextLine>
      <TextLine id="eSc_line_ca174545" >
        <Coords points="73,1605 73,1548 1444,1561 1444,1616 1440,1633 71,1618"/>
        <Baseline points="73,1605 1444,1616"/>
        <TextEquiv>
          <Unicode>Völkerſchaften einerſeits, von den ſlaviſchen andererſeits begrenzt, ſieht er ſich</Unicode>
        </TextEquiv>
      </TextLine>
      <TextLine id="eSc_line_d871315c" >
        <Coords points="71,1657 71,1605 1442,1622 1444,1670 1440,1681 67,1674"/>
        <Baseline points="71,1657 1444,1670"/>
        <TextEquiv>
          <Unicode>darauf angewieſen, auf Beide zu wirken. Dieſe Wirkung war Jahrhunderte</Unicode>
        </TextEquiv>
      </TextLine>
      <TextLine id="eSc_line_e6f57e6a" >
        <Coords points="71,1713 71,1659 1444,1668 1444,1722 1440,1733 69,1722"/>
        <Baseline points="71,1713 1444,1722"/>
        <TextEquiv>
          <Unicode>lang auch eine unbedingt herrſchende. Das deutſche Kaiſerreich iſt einer der</Unicode>
        </TextEquiv>
      </TextLine>
      <TextLine id="eSc_line_a3b70235" >
        <Coords points="71,1766 71,1716 1440,1720 1442,1776 1438,1785 69,1774"/>
        <Baseline points="71,1766 1442,1776"/>
        <TextEquiv>
          <Unicode>erhebendſten Glanzpunkte der Weltgeſchichte. Einſt leuchteten zwei Sonnen über</Unicode>
        </TextEquiv>
      </TextLine>
      <TextLine id="eSc_line_b3f0c752" >
        <Coords points="71,1818 71,1768 1440,1779 1442,1829 1438,1837 69,1826"/>
        <Baseline points="71,1818 1442,1829"/>
        <TextEquiv>
          <Unicode>der europäiſchen Chriſtenheit: das Doppelgeſtirn des Kaiſers und des Papſtes.</Unicode>
        </TextEquiv>
      </TextLine>
      <TextLine id="eSc_line_9492acbb" >
        <Coords points="71,1874 71,1818 1442,1829 1444,1881 1440,1894 69,1881"/>
        <Baseline points="71,1874 1444,1881"/>
        <TextEquiv>
          <Unicode>Beide kreuzten ſich oft in ihren Bahnen; aber beide waren auch wieder durch</Unicode>
        </TextEquiv>
      </TextLine>
      <TextLine id="eSc_line_24d3e225" >
        <Coords points="71,1927 71,1879 1440,1885 1442,1933 1438,1946 69,1935"/>
        <Baseline points="71,1927 1442,1933"/>
        <TextEquiv>
          <Unicode>die Einheit der religiöſen Ueberzeugung ſcheinbar unauflöslich miteinander ver⸗</Unicode>
        </TextEquiv>
      </TextLine>
      <TextLine id="eSc_line_9e28a491" >
        <Coords points="71,1979 71,1924 1438,1940 1438,1987 1433,1996 69,1987"/>
        <Baseline points="71,1979 1438,1987"/>
        <TextEquiv>
          <Unicode>bunden. Die eine iſt untergegangen; die andere hat ihren Glanz verloren.</Unicode>
        </TextEquiv>
      </TextLine>
      <TextLine id="eSc_line_ae2f2fe0" >
        <Coords points="71,2035 71,1983 1233,1987 1235,2040 1231,2048 67,2044"/>
        <Baseline points="71,2035 1235,2040"/>
        <TextEquiv>
          <Unicode>Die Geſtalt der menſchlichen Dinge — wie hat ſie ſich verändert!</Unicode>
        </TextEquiv>
      </TextLine>
      <TextLine id="eSc_line_02fa5810" >
        <Coords points="156,2088 156,2037 1440,2046 1442,2096 1438,2111 152,2098"/>
        <Baseline points="156,2088 1442,2096"/>
        <TextEquiv>
          <Unicode>Es iſt ein bekannter Vorwurf, welcher der Reformation gemacht wird, daß</Unicode>
        </TextEquiv>
      </TextLine>
      <TextLine id="eSc_line_e58ecc01" >
        <Coords points="73,2140 73,2088 1444,2096 1444,2146 1440,2157 71,2153"/>
        <Baseline points="73,2140 1444,2146"/>
        <TextEquiv>
          <Unicode>ſie die deutſche Zerriſſenheit und Deutſchlands politiſche Ohnmacht verſchulde, und</Unicode>
        </TextEquiv>
      </TextLine>
      <TextLine id="eSc_line_9093fb8b" >
        <Coords points="73,2194 73,2140 1440,2144 1442,2203 1438,2214 71,2203"/>
        <Baseline points="73,2194 1442,2203"/>
        <TextEquiv>
          <Unicode>daß es keinen andern Weg gebe, um Deutſchlands Ehre und Macht herzuſtellen,</Unicode>
        </TextEquiv>
      </TextLine>
      <TextLine id="eSc_line_97c2a098" >
        <Coords points="73,2246 73,2198 1442,2205 1444,2255 1440,2264 71,2255"/>
        <Baseline points="73,2246 1444,2255"/>
        <TextEquiv>
          <Unicode>als die Bekämpfung der Reformation und die Zurückführung des deutſchen</Unicode>
        </TextEquiv>
      </TextLine>
      <TextLine id="eSc_line_0d750b7d" >
        <Coords points="73,2301 73,2246 530,2259 713,2253 868,2248 870,2248 961,2257 1020,2262 1029,2257 1044,2251 1044,2251 1044,2251 1046,2251 1046,2251 1048,2251 1333,2251 1333,2251 1442,2264 1444,2307 1440,2322 71,2316"/>
        <Baseline points="73,2301 1444,2307"/>
        <TextEquiv>
          <Unicode>Volkes in den Schooß der katholiſchen Kirche. Vor dreißig Jahren konnte man</Unicode>
        </TextEquiv>
      </TextLine>
      <TextLine id="eSc_line_5595a2c7" >
        <Coords points="71,2355 71,2305 1444,2316 1444,2359 1442,2372 71,2372"/>
        <Baseline points="71,2355 1444,2359"/>
        <TextEquiv>
          <Unicode>über die Naivität der letztern Vorſtellung noch lächeln; die katholiſche Kirche</Unicode>
        </TextEquiv>
      </TextLine>
      <TextLine id="eSc_line_177758c5" >
        <Coords points="73,2409 81,2371 172,2376 176,2390 187,2381 187,2379 189,2379 191,2379 193,2379 241,2374 255,2389 252,2390 276,2379 278,2379 280,2379 576,2379 578,2379 580,2379 587,2385 591,2390 607,2377 633,2379 635,2379 637,2379 765,2379 768,2379 770,2379 770,2381 781,2374 796,2377 907,2381 959,2379 961,2379 963,2379 966,2379 966,2381 968,2381 993,2372 1046,2374 1077,2379 1105,2368 1107,2368 1109,2368 1440,2377 1440,2409 1442,2433 1401,2446 1399,2446 1396,2446 948,2440 722,2436 676,2442 639,2446 637,2446 635,2446 633,2446 633,2444 628,2442 622,2436 546,2436 483,2444 454,2446 452,2446 428,2444 363,2436 293,2444 280,2446 278,2446 276,2446 274,2446 258,2436 182,2446 176,2446 174,2446 171,2446 169,2446 154,2436 73,2446"/>
        <Baseline points="73,2409 1440,2409"/>
        <TextEquiv>
          <Unicode>ſchien alle Stützen und jeden Reiz in der Gegenwart verloren zu haben. Ge⸗</Unicode>
        </TextEquiv>
      </TextLine>
    </TextRegion>
  </Page>
</PcGts>
