1497 2610
683 63 739 121 21
26 152 1392 243 die urſprügliche Vollkommenheit des Menſchen ſo hoch, um ihn zugleich daran
26 215 1392 295 zu erinnern, wie unendlich weit er ſich von ſeinem Ideale entfernt hat. Da
26 261 1390 350 hilft keine Selbſtqual, kein Verdienſt der Werke, keine künſtlich aufgeputzte
26 319 1386 402 Tugend; das Alles vermag den ſcharfen Blick der Selbſtprüfung nicht zu er⸗
23 371 1386 456 tragen; es muß in die demüthigende Tiefe der Selbſtverleugnung hinabge⸗
23 424 1383 508 ſtiegen, es muß geſtorben werden, damit eine Auferſtehung zu Stande komme;
23 478 1383 558 es muß im innerſten Herzpunkte zu einer neuen Geburt, einem Werde⸗
21 528 1386 615 proceſſe kommen, aus dem ein neues geiſtgeſalbtes Leben hervorgeht. Und das
21 582 1383 674 Alles kommt nicht aus der alten, in die Sünde gefangenen Natur, ſondern
19 643 1383 722 aus einer neuen göttlichen Perſon, aus dem im Todesopfer verklärten Leben
19 689 1381 782 des gottmenſchlichen Welterlöſers und aus der Kraft ſeines von ihm ausſtrö⸗
17 741 926 822 menden h. Geiſtes, mit Hülfe des Glaubens.
93 802 1379 880 Damit iſt zugleich das tiefſte Geheimniß des Proteſtantismus ausgeſprochen.
17 848 1377 939 Es iſt der Glaube an das ſchöpferiſche und heiligende Gottesleben in der Per⸗
17 904 1381 989 ſon Chriſti, der eine fortwährend wiedergebärende, heiligende und verklärende
17 963 1377 1041 Kraft ausübt. Das Wort vom Glauben, das iſt es, was wir als
17 1009 1375 1096 deutſche Proteſtanten treu zu bewahren, zu lehren, wirkſam zu machen haben.
17 1065 1377 1148 Wer es noch nicht erkannt hat, wie aller Kern, alle Kraft, alles
17 1115 1375 1200 Licht des Proteſtantismus in dieſem Worte ſteht, der hat den un⸗
17 1170 1372 1265 erſchütterlichen Grund für ſeine evangeliſche Ueberzeugung noch nicht gefunden.
17 1226 1375 1307 Alles Heil, aller Friede, alle Gemeinſchaft mit dem Ewigen kommt aus der
17 1276 1370 1365 Kraft des Glaubens. Der Glaube iſt das Demüthigſte und das Muthigſte,
17 1326 1368 1431 was es giebt: demüthig, weil er Inhalt und Kraft von Gott nimmt, muthig,
17 1381 1370 1474 weil er in Gott und um Gottes willen wirklich Alles, auch die Berge des
13 1442 1074 1522 größten und feindſeligſten Widerſtandes, zu verſetzen vermag.
82 1494 1372 1579 Daher iſt es die erſte Aufgabe der deutſchen evangeliſchen Kirche, den
19 1542 1074 1629 Glauben zu pflanzen, zu pflegen, zu ſchirmen, zu erhalten.
80 1600 1368 1685 Dieſe Aufgabe iſt in der Gegenwart eine beſonders dringende geworden.
17 1652 1366 1735 Das Glauben fällt unſerm Fleiſche und Blute an und für ſich ſehr ſchwer.
19 1705 1368 1792 Der ſinnliche Menſch iſt mit tauſend Banden an die Sinnenwelt gekettet; was
17 1759 1368 1850 er nicht ſehen, hören, riechen, ſchmecken, fühlen kann: das iſt für ihn nicht
19 1813 1368 1896 da. Der Widerſtand, den das Chriſtenthum, und deſſen jüngſte und edelſte
19 1866 1368 1946 deutſche Tochter, der Proteſtantismus, fand, ſteht mit der auf das Irdiſche
19 1920 1366 2005 gerichteten Grundneigung des menſchlichen Herzens in engſtem Zuſammenhange.
21 1972 1368 2064 Die Religion iſt eine Blüthe der unſichtbaren Welt. Das Gewiſſen, ihre
8 2027 1366 2114 verborgene Lebenswurzel, entzieht ſich der finnlichen Wahrnehmung, und der
15 2077 1366 2166 rohe Genuſſesſinn wagt es darum auch, daſſelbe zu läugnen. Der Glaube
10 2129 1366 2229 iſt „eine gewiſſe Zuverſicht deſſen, was man hoffet und ein Nicht⸗Zweifeln an
10 2183 1366 2283 dem, was man nicht ſiehet“ (Hebr. 11, 1.). Das Ewige, Göttliche, die
10 2240 1362 2335 Kräfte des h. Geiſtes, ſind idealer Natur, der Glaube iſt das ideale Ver⸗
6 2290 1359 2388 mögen des Menſchen, von welchem der an die triviale Wirklichkeit der Dinge,
8 2344 1359 2459 die im Grunde doch nur Schein iſt, hingegebene Menſch keinen Begriff hat.
