1497 2610
574 152 900 280 I. Aufſätze.
687 226 776 334 Die
119 350 1353 439 Aufgabe der deutſchen evangeliſchen Kirche
437 432 1024 545 in der Gegenwart,
698 548 772 606 von
570 616 900 704 Dr. Daniel Schenkel.
713 776 744 817 1.
530 806 935 880 Die Zeichen der Zeit.
137 876 1423 954 Sollten wir uns täuſchen, wenn wir die Anſicht ausſprechen, daß wir
50 937 1423 1015 an einem ernſten Wendepunkte in der Geſchichte des europäiſchen Völkerlebens
50 987 1420 1072 angekommen ſind? Gerade ein Jahr iſt jetzt verfloſſen, ſeit ein mächtiger
45 1039 1425 1122 Wille an der Seine in die ſcheinbare Stille und den vermeintlichen Frieden
50 1089 1425 1174 der öffentlichen Zuſtände durch ein gebieteriſches Wort Unruhe und Sturm
45 1150 1423 1228 getragen hat. Das Waffengetöſe iſt zwar verſtummt; die kämpfenden Armeen
52 1196 1425 1283 ſind großentheils an den heimiſchen Heerd zurückgekehrt; die klopfenden Herzen
52 1259 1423 1337 an der Börſe haben ſich beruhigt; die Friedensverträge ſind abgeſchloſſen; ein
50 1302 1423 1389 europäiſcher Fürſtentag iſt in Ausſicht geſtellt. Iſt aber in Wirklichkeit
54 1363 1420 1442 Sicherheit, Klarheit, Befriedigung an die Stelle der allgemeinen Verwirrung
52 1413 1425 1492 zurückgekehrt? Iſt die verletzte Gerechtigkeit geſühnt, die gekränkte Wahrheit
52 1468 1420 1544 in ihrer Ehre hergeſtellt, die im Innern der Geiſter erregte Gährung beruhigt?
50 1524 1425 1616 Können wir getroſten Muthes in die Zulunft blicken als Deutſche und als
50 1574 437 1659 evangeliſche Chriſten?
134 1596 1425 1707 Schon ein oberflächlicher Blick auf den noch immer hochgehenden Wellen⸗
54 1674 1427 1759 ſchlag der Zeitgeſchichte wird uns eines Beſſern belehren. Es iſt im Grunde
54 1733 1427 1805 nichts beruhigt, nichts geſchlichtet; übertünchte Gräber ſind es, über
54 1790 1427 1861 welchen wir wandeln; wie den Bewohnern in der Nähe eines vulkaniſchen
56 1840 1427 1918 Gebirges iſt es uns zu Muthe. Der Berg ſchweigt; aber die aufwirbelnde Dampf⸗
56 1892 1425 1977 wolke verräth die innere Bewegung, und wir ſind keinen Augenblick ſicher, wenn
52 1950 1244 2027 er ſeine heißen Lavaſtröme über Städte, Dörfer, Fluren ausſendet.
134 1987 1431 2077 Die kirchliche Zeitſchrift, die wir mit dieſem Hefte eröffnen, hat ſich nicht
56 2053 1431 2133 die Aufgabe geſtellt, politiſche Fragen zu beſprechen und zur Löſung ſtaatlicher
50 2109 1433 2177 Verwicklungen mitzuwirken. Wir haben uns unter eine Fahne begeben, die
52 2159 1431 2238 Genoſſen aus allen Staaten der Welt um ſich ſammeln will; wir dienen einem
56 2214 1429 2281 Könige, der der König der Könige und der Herr der Herren iſt. Das
58 2266 1429 2333 Chriſtenthum hat keinen ſtaatlichen, es hat ſeiner innerſten Natur nach
54 2316 1429 2431 einen menſchheitlichen Charalter, und, wenn es auch niemals ſeine Aufgab
