1501 2610
754 28 824 91 26
110 134 1477 210 Dieſer gilt die Kirche als äußere Anſtalt für unentbehrlich; die ſichtbare Kirche iſt
110 189 1470 263 ihr Heilsträgerin und Heilsmittlerin; ohne Kirche kein Chriſtus, keine Erlöſung,
108 241 1472 317 kein Heil: das iſt ihr Wahlſpruch, und darum kennt ſie auch nur eine ſicht⸗
106 295 1013 365 bare Kirche, und verwirft alle andern als ketzeriſch.
189 348 1472 424 Die evangeliſche Kirche weiß die eine wahre, gegenwärtig noch unſichtbare,
108 402 1472 478 Kirche von den ſichtbaren Schattenbildern derſelben gar wohl zu unterſcheiden;
106 456 1472 528 ſie vermiſcht, was für einmal noch Gegenſtand des Glaubens iſt, nicht mit
106 504 1472 585 Dem, was Gegenſtand der ſinnlichen Wahrnehmung ſein muß. Sie weiß, daß
104 563 1472 637 die ſichtbare Kirche das Heil nicht vermittelt, daß es überhaupt nur einen
106 613 1474 691 Heilsmittler, Jeſum Chriſtum ſelbſt, giebt. Sie ſchämt ſich als ſichtbare
104 665 1472 741 Kirchengemeinſchaft des Bekenntniſſes nicht, daß ſie irren und fehlen kann; daß
106 713 1474 793 ſie ein nur unvollkommener Ausdruck der Wahrheit und des Lebens iſt, die
104 769 1474 846 in ſchöpferiſcher Fülle aus dem göttlichen Worte und dem h. Geiſte ſtets neu
102 817 1472 900 in das Menſchheitsleben ausſtrömen. Sie weiß es zu begreifen, wenn nicht
102 874 1470 961 alle Chriſten ſich zu ihr bekennen, wenn nicht alle ihre Lehrform ſich aneignen,
104 930 1470 1009 nicht alle denſelben Gottesdienſt wie ſie feiern, nicht alle nach gleichen Ver⸗
102 983 1472 1065 faſſungs⸗Grundſätzen ſich einrichten. Sie verwirft und verdammt diejenigen
100 1039 1468 1117 nicht, welche außer ihr den Heiland und das Heil ſuchen. Sie iſt deſſenunge⸗
97 1096 1470 1167 achtet nicht etwa gleichgültig und ungerecht gegen ihre eigenen Vorzüge. Sie
100 1148 1466 1220 iſt in aller Demuth, aber auch mit hohem Danke gegen Gott, ſich deſſen bewußt,
100 1196 1468 1274 daß ſie auf dem rechten Grunde ruht, daß ſie den rechten Geiſt hat,
97 1248 1464 1328 daß ihr Gnadengaben geſchenkt ſind, welche andere Kirchen nicht mit ihr theilen.
100 1298 1468 1385 Sie weiß, daß ſie auf das Wort und den h. Geiſt, auch im Sakramente
100 1352 1466 1431 auf nichts Anderes gegründet iſt, da das Sakrament außer der Stiftung durch
97 1407 1466 1489 das Wort und die Wirkung im h. Geiſte nach ihrer Ueberzeugung weder Kraft
100 1461 1464 1535 noch Segen hat; und darum giebt ſie die äußeren Formen frei, wie die beſon⸗
97 1513 1466 1596 deren Eigenthümlichkeiten der Individuen und die geſchichtliche Entwicklung der
100 1565 1464 1652 Völker ſie fordern. Das iſt das Eigenthümliche der evangeliſchen Kirche, daß
97 1616 1464 1705 ſie zunächſt von innen baut, und nach innen arbeitet, daß es ihr immer
97 1670 1461 1753 zuerſt auf das Verhältniß des Gewiſſens zu Gott, und nicht auf ihre Macht⸗
97 1726 587 1798 ſtellung zur Welt ankommt.
180 1781 1466 1861 Wenn ſie aber zunächſt von innen baut und arbeitet, ſo doch auch nach
97 1833 1466 1911 außen. Es kann folgerichtig nur zwei Ausgangspunkte für die Herſtellung einer
100 1890 1464 1970 ſichtbaren Kirche geben. Entweder wird dieſelbe von oben nach unten, von der Prie⸗
100 1946 1464 2018 ſterſchaft aus nach dem Laienthume hin, von dem Stande der chriſtlichen Mündig⸗
95 1994 1464 2072 keit aus in den Stand der Unmündigen hinein gebaut. So iſt das römiſch⸗
97 2048 1461 2133 katholiſche Kirchenthum aufgebaut. Die Kirche, d. h. der geiſtliche Stand,
97 2098 1461 2181 befiehlt, der Laie gehorcht. Die Kirche ordnet an, der Laie ordnet ſich unter.
97 2155 1464 2235 Die Kirche richtet, der Laie beichtet. Die Kirche iſt die Seele, die Laien
95 2209 1461 2288 bilden den Leib. Hier hat der Laie weder eigenes Urtheil, noch eigenen Willen.
95 2255 1464 2342 Die Kirche denkt für ihn, will für ihn, ſorgt für ihn. So entſchieden hängt
97 2314 1464 2416 hier Alles mit der Grundvorausſetzung zuſammen, daß der Laie nur durch die
