1501 2610
726 43 791 139 14
76 163 1440 230 genwärtig verhält ſich das anders. So ſichtbar der Romanismus in den
73 208 1435 284 romaniſchen Staaten ſeinem innern und äußern Verfall entgegengeht, ſo augen⸗
71 265 1433 345 ſcheinlich er unter den romaniſchen Bevölkerungen alles Vertrauen verloren hat,
69 317 1435 391 ſo hülflos das Papſtthum gegenwärtig in der Mitte Derer erſcheint, die von
69 371 1433 445 ſeinem Glanze leben: in Deutſchland ſcheint er nur um ſo mehr neuen und
69 421 1433 502 feſten Boden gewonnen zu haben. Hier hat er ſich als Hüter der conſerva⸗
67 478 1431 550 tiven Intereſſen, als Beſchirmer der Throne, als Erhalter der ſittlichen Welt⸗
67 535 1433 611 ordnung in der That nicht ohne Erfolg geltend zu machen gewußt. Noch vor
67 587 1433 659 Kurzem haben die katholiſchen Vereine in Freiburg die Rückkehr der deutſchen
67 637 1431 719 Proteſtanten zur Mutterkirche als nahe bevorſtehend angekündigt, Gebete ſind
67 689 1429 767 angeordnet, welche dieſelbe als ein Anliegen der geſammten katholiſchen Chriſten⸗
69 746 1429 819 heit erſcheinen laſſen ſollen, und eine Maſſenagitation wird gegenwärtig unter
63 789 1424 874 der deutſchen katholiſchen Bevölkerung angeregt, um mit deutſchem Geiſte,
65 848 1427 928 ja ſogar mit deutſchem Gelde die weltliche Herrſchaft des Papſtthums
65 900 659 974 in Italien aufrecht zu erhalten.*)
145 956 1427 1035 Daß der Schwerpunkt des Katholicismus in dieſem Augen⸗
60 1009 1427 1089 blicke nach Deutſchland verlegt werden ſoll: das ſteht mit dem
58 1067 1424 1141 religiöſen Berufe des deutſchen Volkes in einem viel engeren Zuſammenhange,
58 1122 1429 1196 als es zunächſt den Anſchein hat. Was dem Katholizismus gegenwärtig an
60 1165 1427 1250 dem Mittelpunkte ſeiner Glanzentfaltung fehlt — das iſt der Glaube der
60 1220 1427 1298 ihm angehörigen Völker. Das deutſche Volk hat Glauben, und jener
58 1276 1427 1357 bedarf zu ſeiner Erhaltung mehr als je ſolcher, die an ihn glauben. In
58 1331 1427 1409 der That vermöchte der Katholicismus nur aus der deutſchen Nation diejenigen
58 1385 1211 1463 Mittel und Kräfte zu ziehen, deren er jetzt ſo nothwendig bedarf.
145 1437 1424 1518 Wir wünſchen in dieſen Blättern unſern katholiſchen Mitchriſten nicht zu
58 1494 1424 1572 nahe zu treten, am wenigſten unſere deutſchen katholiſchen Stammesgenoſſen
58 1548 1420 1624 zu verletzen. Wir anerkennen gern, daß es namentlich manche deutſche Katho⸗
56 1596 1422 1679 liken von einer Innigkeit der religiöſen Ueberzeugung, einer Hingebung an die
60 1652 1422 1731 Pflichten der chriſtlichen Nächſtenliebe, einer kirchlichen Opferwilligkeit giebt,
56 1703 1418 1787 durch welche nicht wenige evangeliſche Chriſten ſich beſchämt fühlen können.
58 1755 1418 1837 Aber dennoch glauben wir es ausſprechen zu dürfen, daß der eigenthümlich reli⸗
54 1811 1420 1887 giöſe Beruf und Charakter des deutſchen Volkes nicht in dem römiſchen Katho⸗
54 1863 1420 1942 licismus ſeinen wahrſten und innerſten Ausdruck zu finden vermag. Die Na⸗
52 1918 1420 1996 men „Centraliſationstrieb“ und „Decentraliſationstrieb“ ſagen freilich noch ſehr
52 1972 1420 2057 ungeſchickt und allgemein aus, was das deutſche Weſen von dem romaniſchen
52 2022 1418 2103 ſcheidet. Wir ſagen treffender: es wohnt unſerm deutſchen Weſen ein tiefer
50 2077 1416 2166 Reſpekt vor dem Individuellen inne, wir legen einen außerordentlichen Werth
50 2133 1416 2214 auf die Perſönlichkeit, und darum überhaupt auf individuelle Urſprüng⸗
50 2188 1418 2266 lichkeit und Eigenthümlichkeit. Man nennt uns bisweilen nicht ohne
106 2238 1413 2335 *) Vergleiche Allgemeine Zeitung, Nr. 325, S. 5307 den Artikel aus Freiburg, und
154 2307 1416 2381 S. 3308 den Artikel aus Weſtphalen, wo den deutſchen Katholiken eine Erneuerung
156 2353 1413 2446 des „Mittelalterlichen Peterspfennigs“ in erwünſchte Ausſicht geſtellt wird.
