1419 2418
58 118 1378 183 bleibende Entfernung der Kurie in Wahrheit nicht zu befürchten hat; weil
58 177 1374 237 dieſe denn doch ſchließlich zu klug ſein wird, um ſich durch ihren Haß
58 227 1378 294 gegen die ſubalpiniſchen Kirchenräuber zu einem ſo ſelbſtmörderiſchen Schritt
56 280 1374 350 fortreißen zu laſſen. Was ſollte auch wirklich das Papſtthum durch die
56 338 1376 407 Verlegung ſeines Wohnſitzes gewinnen? Würde es denn nicht überall in
56 392 1372 467 der Hauptſache die gleichen Verhältniſſe finden? Wohin es ſich auch
60 451 1374 517 wenden möchte, allenthalben in Europa müßte es ſich auf fremdem Grund
56 501 1370 574 und Boden niederlaſſen, ſich den Geſetzen eines fremden Landes fügen;
56 560 1376 634 ſo lange ſich wenigſtens nicht das Wunder ereignet, daß ausdrücklich zu
58 622 1374 685 ſeinem Gebrauche ein zweites Delos aus dem Mittelmeer aufſteigt. Aber
52 677 1372 741 es würde nicht allein nichts gewinnen, ſondern unendlich viel verlieren.
56 729 1370 801 Die katholiſche Welt und das Papſtthum hat ſchon einmal die Erfahrung
54 785 1370 854 davon gemacht, was die Päpſte außer Rom ſind; aber die Probe iſt da⸗
52 844 1370 910 mals — bei der Verlegung der päpſtlichen Reſidenz nach Avignon — ſo
52 898 1372 963 ausgefallen, daß allen Betheiligten die Luſt zur Wiederholung des Verſuchs
54 953 1370 1025 für immer vergangen ſein müßte. Seinen Hofhalt und ſeine Kardinäle,
56 1015 1372 1078 ſeine Beamten und ſeine Archive, vielleicht auch einen Theil ſeiner Biblio⸗
50 1071 1372 1136 thek und ſeiner Kunſtſammlungen kann der Papſt allerdings in eine be⸗
50 1122 1374 1192 liebige andere Stadt mitnehmen; aber kann er auch alles andere dorthin
50 1178 1374 1243 verpflanzen, was ihm nicht allein für die Pracht und Behaglichkeit ſeines
50 1233 1372 1299 Lebens unentbehrlich, ſondern auch mit dem Bilde und den Ueberlieferun⸗
44 1287 1370 1364 gen der päpſtlichen Würde untrennbar verknüpft iſt: ſeine Gärten und
52 1350 1372 1416 ſeine Paläſte, die Stadt Rom mit ihren Erinnerungen, ihren Alterthü⸗
50 1408 1370 1470 mern und Kunſtwerken, ihren Kirchen und Klöſtern, ihrem Klerus und
48 1460 1368 1525 ihrer Bevölkerung, die Gräber der Apoſtel und den Dom von St. Peter?
48 1513 1370 1585 Ja beruht nicht ſein ganzer Primat dogmatiſch und kirchenrechtlich auf
50 1571 1370 1644 der Behauptung, er ſei als römiſcher Biſchof der Nachfolger des Apoſtel⸗
46 1632 1372 1696 fürſten? und würde wohl dieſe Behauptung in dem Glauben der Völker
46 1686 1368 1757 nicht erſchüttert werden, wenn er thatſächlich nur noch römiſcher Biſchof
46 1734 1366 1811 in partibus wäre? Eine Macht, welche ſo ganz in der Ueberlieferung
46 1803 1370 1867 wurzelt, wie die der römiſchen Kirche, läßt ſich noch weniger, als jede
46 1857 1370 1920 andere, ven ihrem urſprünglichen Boden ungeſtraft losreißen. Wird ihr
44 1910 1370 1980 daher dieſer Boden geſchmälert, ſo iſt dies ein Verluſt, von welchem ſie
46 1964 1368 2037 ſelbſt unrettbar betroffen wird; ſich durch Auswanderung dieſem Verluſt
42 2023 1364 2089 entziehen zu wollen, hieße ſein Haus einreißen, um es von einer unange⸗
44 2073 663 2143 nehmen Nachbarſchaft zu befreien.
137 2133 1370 2202 Auch in Betreff der Geldmittel, deren es bedarf, iſt das Papſtthum
44 2188 1368 2258 durch die Säculariſation des Kirchenſtaats von der italieniſchen Regierung
42 2246 1366 2313 abhängig geworden. Die Finanzen waren freilich einer von den aller⸗
52 2301 1364 2381 ſchwächſten Punkten in der Verwaltung dieſes Prieſterreichs. Das Deficit
687 32 745 96 10
