1416 2410
54 101 1369 176 bemerken, daß ſie im Staatsdienſt ihre Rechnung beſſer finde, die Kurie
57 164 1369 232 würde viele von ihren beſten Verbündeten und ihren brauchbarſten Werk⸗
57 219 1367 289 zeugen einbüßen. Je weniger ſich ferner das Papſtthum für ſeine ökono⸗
56 273 1369 344 miſchen Bedürfniſſe und für die äußere Stellung ſeiner Vertreter auf den
56 330 1367 400 Staat ſtützen könnte, um ſo abhängiger würde es von dem guten Willen
54 385 1369 457 der einzelnen Kirchenprovinzen und um ſo näher würden die Päpſte mit
52 440 1369 511 der Zeit den Biſchöfen und Erzbiſchöfen wieder gerückt werden, über die
53 498 1367 563 ſie ja auch wirklich nur allmählich im Laufe vieler Jahrhunderte empor⸗
50 555 1369 621 geſtiegen ſind. Wenn endlich im Mittelpunkt der Kirche das Band zwiſchen
52 610 1369 680 Kirche und Staat ſich auflöſte und das Oberhaupt der katholiſchen Kirche
50 666 1369 737 zur bloßen Privatperſon würde, ſo müßte dies nothwendig auch auf die
53 728 1367 789 Landeskirchen zurückwirken, und ſie würden ſich nicht blos der ſtaatlichen
54 783 1363 850 Beſchränkung und Aufſicht, durch die ſie ſich auch jetzt ſchon ſehr wenig
50 835 1365 902 gebunden fühlen, vollends zu entledigen ſuchen, ſondern ſie würden auch
50 897 1365 958 auf alle die Vorrechte und Vortheile verzichten müſſen, die ihnen der Staat
50 946 1366 1016 zur Zeit noch gewährt, und die zu jenen Beſchränkungen in gar keinem
50 1002 1366 1072 Verhältniß ſtehen. Dies wird man aber ſchwerlich im Intereſſe der
52 1060 1367 1126 Kirche finden. Es iſt daher nicht wahrſcheinlich, daß die Kurie, wenn ſie
52 1113 1363 1182 ſich erſt von der Unmöglichkeit einer Wiederherſtellung des bisherigen Zu⸗
50 1170 1365 1238 ſtandes überzeugt hat, die Hand, welche ihr Italien bietet, unwiderruflich
49 1231 1366 1297 zurückſtoßen wird, ſondern ſie wird ſich mit der Regierung, von der ſie
52 1285 1363 1354 beraubt iſt, doch am Ende, ſei es auf die jetzt vorgeſchlagenen oder auf
48 1340 1363 1408 andere, in der Hauptſache gleichlautende Bedingungen vergleichen müſſen.
50 1395 1366 1464 Daß ſie aber damit immer in eine gewiſſe Abhängigkeit von dem Staate
49 1454 1365 1520 geräth, von welchem der Papſt ſeine Civilliſte erhält und in deſſen Haupt⸗
49 1515 1366 1579 ſtadt er ſeinen Sitz hat, wurde bereits nachgewieſen; und daran würde ſelbſt
52 1567 1363 1637 dann nichts weſentliches geändert werden, wenn noch andere Regierungen,
49 1621 1366 1691 außer der italieniſchen, zu den Koſten der päpſtlichen Hofhaltung einen
49 1676 1365 1747 Beitrag leiſteten, oder ſich für die Erfüllung der von Italien übernom⸗
50 1740 1366 1802 menen Verpflichtungen verbürgten; auch in dieſem Fall würde das letztere
49 1791 1366 1857 hundert Gelegenheiten finden, ſeinen Einfluß bei der Kurie geltend zu
46 1847 1366 1914 machen und ſie, wenn es wollte, ihre Abhängigkeit fühlen zu laſſen. Je
45 1901 1366 1973 mehr aber in der oberſten Leitung der Kirche die italieniſchen Intereſſen
45 1957 1365 2031 zur Geltung kommen, um ſo mehr werden andere Staaten und Völker
45 2012 1366 2084 genöthigt ſein, ihr gegenüber auf die möglichſte Unabhängigkeit ihrer
45 2071 1365 2139 Landeskirchen hinzuarbeiten; und ſo kann ſich im Laufe der Zeit aus der
48 2126 1363 2191 Lage, in welche das Papſtthum durch den Verluſt des Kirchenſtaats ver⸗
45 2182 1366 2252 ſetzt wird, in der katholiſchen Kirche eine Bewegung entwickeln, deren
48 2239 1366 2302 Tragweite ſich nicht vorausberechnen läßt. So wenig daher die kirchliche
49 2294 1362 2383 Stellung des Papſtthums als ſolche an ſeinen Territorialbeſitz geknüpft
684 18 748 92 14
