1427 2418
55 107 1367 177 ſeines Volksthums einer Fremdherrſchaft der ſchlimmſten Art ſchutzlos
51 169 384 235 preisgeben würde.
138 224 1369 288 Es wäre indeſſen doch verfehlt, wenn man dieſen augenblicklichen
53 280 1369 343 äußeren Erfolg des Ultramontanismus blos vorübergehenden Umſtänden
52 333 1369 405 zuſchreiben wollte. Hätte nicht der Krieg die Entwicklung der kirch⸗
53 390 1369 455 lichen Bewegung unterbrochen, ſo würden die Beſchlüſſe des römiſchen
51 450 1370 513 Concils allerdings ohne Zweifel ſofort viel lebhaftere Verhandlungen, einen
49 502 1370 569 viel allgemeineren und lauteren Widerſpruch hervorgerufen haben. Aber
52 558 1369 624 daß dieſe Verhandlungen wirklich die officielle kirchliche Annahme und
49 617 1370 678 Verkündigung jener Beſchlüſſe irgendwo verhindert, oder in irgend einem
49 671 1370 737 Theil der katholiſchen Kirche einen Austritt in Maſſe oder ein Schisma
51 725 1367 793 von einiger Erheblichkeit veranlaßt haben würden, dies muß man auf
51 785 1370 847 Grund der bisherigen Erfahrung bezweifeln. Denn durch den Krieg waren
52 839 1370 906 doch nur Frankreich und Deutſchland ſo ganz in Anſpruch genommen; die
52 894 1367 960 übrigen Länder dagegen, Oeſterreich, Ungarn, Italien, Belgien, England,
52 951 1370 1016 Nordamerika u. ſ. w., hätten recht wohl Zeit gehabt, ſich um die kirchliche
56 1006 1371 1071 Frage zu bekümmern. Aber in keinem von ihnen iſt das neue Dogma
51 1062 1371 1127 auf einen ſo nachdrücklichen Widerſtand geſtoßen, wie man dies aus ſach⸗
52 1121 1373 1186 lichen Gründen wohl hätte erwarten mögen. Eine größere Vermeſſenheit,
49 1175 1373 1243 eine empörendere Anmaßung läßt ſich doch wirklich kaum denken, als wenn
51 1231 1373 1300 ein einzelner Menſch ſeine Ausſprüche für unfehlbar, ſeine Satzungen für
48 1288 1373 1351 eine unumſtößliche Richtſchnur des Glaubens und des Lebens erklärt; eine
51 1343 1371 1407 härtere Zumuthung kann der Vernunft und dem Freiheitsgefühl des Men⸗
51 1401 1373 1465 ſchen nicht geſtellt werden, als wenn verlangt wird, daß alle andern ſich
49 1456 1371 1526 den Entſcheidungen jenes Einen ohne Widerſpruch und ohne Prüfung un⸗
48 1519 1374 1578 bedingt unterwerfen ſollen. Und dieſe Behauptung iſt auch nicht etwa
48 1569 1374 1637 nur ein theoretiſcher Satz ohne praktiſche Bedeutung, eine dogmatiſche
47 1628 1375 1696 Grille, die niemand gefährlich wird, als dem, der ſie hat; ſondern ſie hat
48 1681 1374 1749 eine ſehr deutliche praktiſche Spitze, die auch das Concil ſelbſt ſofort in
51 1736 1373 1812 ſeinen Beſchlüſſen über die päpſtliche Gewalt nackt und ſcharf heraus⸗
48 1800 1374 1861 gekehrt hat. Mit dem Einen Grundſatz der päpſtlichen Unfehlbarkeit wären
48 1853 1374 1916 alle Anſprüche auf Beherrſchung der Staaten wie der Kirche, die jemals
48 1908 1374 1973 von einem Papſt erhoben worden ſind, alle Verfluchungen, die in den
49 1962 1374 2029 finſterſten Jahrhunderten der Vernunft, der Bildung, der Gewiſſensfrei⸗
45 2020 1373 2091 heit entgegengeſchleudert wurden, alle Machtträume und Erdichtungen des
47 2083 1374 2142 prieſterlichen Abſolutismus für alle Zeiten zu unumſtößlichen Glaubens⸗
48 2133 1375 2200 geſetzen, zu unangreifbaren Wahrheiten geſtempelt; die ganze katholiſche
48 2188 1373 2259 Chriſtenheit wäre in ihrem Denken und Handeln dem Belieben ihres je⸗
49 2244 1371 2317 weiligen Oberhaupts unbedingt überliefert; die Selbſtändigkeit der Staa⸗
47 2301 1371 2383 ten, die Unabhängigkeit der Wiſſenſchaft wäre vernichtet; die Grundſätze
678 17 740 79 18
