1521 2481
838 76 867 138 6
295 175 1485 231 Aus dem bisher Geſagten erhellt ſoviel, daß erſtens kein Menſch,
202 217 1483 289 der an die Gottheit Chriſti nicht glauben will, ſich Chriſt nennen darf,
206 277 1483 351 daß zweitens die gerichtliche, eidliche Erklärung Chriſti über ſeine Gott⸗
206 334 1483 409 heit und meſſianiſche Würde, durch ſeinen Tod beſiegelt, an ſich voll⸗
200 394 1483 461 kommen glaubwürdig iſt. In der That: wenn zur Zeit der Chriſtenver⸗
206 446 1481 518 folgungen, angeſichts des Scheiterhaufens und der Folterbänke, ein Chriſt
202 504 1483 578 auf die Frage: „Biſt du ein Chriſt!“ mit einem entſchiedenen Ja ant⸗
202 562 1481 630 wortete, ſo hat Niemand gezweifelt, daß er die Wahrheit ſage. Nie⸗
204 630 711 688 mand lügt ſich in den Tod.
295 676 1483 742 Aber ſo glaubwürdig die Ausſage Chriſti an ſich iſt, ſo möchte
198 731 1483 798 doch noch gefragt werden: Erſtens iſt das, was die Ausſage Chriſti
204 791 1483 860 vorausſetzt oder enthält, auch möglich? Zweitens iſt an Chriſtus Nichts,
204 845 1481 913 was ſeine Ausſage dennoch verdächtig machen könnte? Auf dieſe Fragen
200 909 883 973 werden wir in Folgendem antworten.
556 1011 1136 1077 Möglichkeit der Ausſage Chriſti.
289 1070 1487 1145 Indem Chriſtus für den Gottesſohn, der zur Erlöſung der Welt
196 1128 1481 1197 Menſch geworden, ſich ausgab, ſetzte Er als Grundlagen des Chriſtenthums
202 1188 1481 1261 die drei Lehren von der göttlichen Dreieinigkeit, von der Menſchwerdung
196 1244 1481 1312 der zweiten göttlichen Perſon und der Erlöſung der Menſchen durch den
200 1310 1481 1366 Gottmenſchen. Dieſe drei Grundlehren des Chriſtenthums ſind von den
196 1360 1481 1426 Chriſten immer als Geheimniſſe des Glaubens angeſehen worden,
194 1416 1483 1488 d. h. als Lehren, deren Sinn wir wohl in ſoweit verſtehen, daß wir
200 1478 1479 1542 ſie von jeder entgegengeſetzten Lehre zu unterſcheiden wiſſen, aber in ſich
198 1529 1483 1598 ſelbſt nie vollkommen zu verſtehen, zu begreifen vermögen. Wir nehmen
200 1587 1479 1658 ſie als wahr an, weil ſie der allwiſſende, wahrhaftige Gott uns bezeugt;
200 1645 1481 1709 wie in den natürlichen Dingen der Ungelehrte gar Vieles auf das
198 1703 1481 1773 Zeugniß erfahrener, gelehrter Männer als wahr annimmt und an⸗
200 1765 1483 1823 nehmen muß, ohne es ſelbſt zu verſtehen und als wahr conſtatiren
198 1813 403 1889 zu können.
285 1864 1477 1935 Die Ausſage Chriſti iſt nun zwar an ſich vollkommen ausreichend,
200 1928 1477 1995 um uns über die Wahrheit alles deſſen, was ſie enthält, zu vergewiſſern;
198 1991 1479 2048 aber weil der Menſch in Sachen der Religion nicht ſo gerne glaubt, wie
198 2040 1479 2106 in andern, und jeden Vorwand ſucht, um ſich der Pflicht zu glauben
198 2102 1357 2164 zu entziehen, ſo muß ihm auch jeder Vorwand entzogen werden.
283 2150 1477 2220 Wir ſtellen nun den Grundſatz auf: Wenn das, was Chriſtus
194 2206 1473 2280 eidlich ausgeſagt hat, nicht unmöglich iſt, ſo hat man keinen Grund,
196 2270 1477 2354 es zu verwerfen. Nun aber wird die menſchliche Vernunft in den drei
