1522 2481
676 47 698 126 7
51 159 1325 219 Grundlehren des Chriſtenthums nie einen innern Widerſpruch, eine
45 215 1023 283 Unmöglichkeit nachweiſen: ſie können alſo wahr ſein.
126 268 1325 339 1. Die Lehre von der göttlichen Dreieinigkeit. Wenn
45 324 1323 390 in den heiligen Büchern der Chriſten irgend eine Lehre klar, unläugbar
47 382 1325 446 enthalten iſt, ſo iſt es die, daß es nur ein göttliches Weſen, nur einen
47 446 1323 512 Gott gibt. Ebenſo iſt, namentlich in den Büchern des neuen Bundes,
49 500 1323 564 ſehr oft die Rede von drei Perſonen, dem Vater, dem Sohn und dem
49 560 1325 622 heiligen Geiſte, deren jeder die Gottheit, das göttliche Weſen und alle
51 620 1323 678 Eigenſchaften der Gottheit gemeinſam zugeſchrieben und angeeignet werden.
47 669 1323 733 Alſo iſt die eine, untheilbare, göttliche Weſenheit drei Perſonen eigen,
51 738 1325 789 alſo gibt es einen Gott in drei Perſonen, die von einander zwar der
49 789 1224 847 Perſönlichkeit nach verſchieden, der Weſenheit nach aber Eins ſind.
134 839 1327 905 Aus dieſer Darlegung der Lehre erfahren wir wohl, daß es nicht
43 903 1323 965 drei göttliche Weſen, nicht drei Götter, ſondern nur einen Gott gibt, daß
43 953 1325 1019 es nicht nur eine göttliche Perſon, ſondern drei gibt. Wir wiſſen alſo
43 1015 1325 1077 dieſe Lehre von jeder entgegengeſetzten zu unterſcheiden; aber das innerſte
45 1062 1325 1137 Weſen Gottes und ſein innerſtes Leben begreifen wir doch nicht; darum
43 1126 1323 1195 können wir auch nicht ſagen, daß die Lehre einen Widerſpruch in ſich
45 1180 1323 1246 ſchließe. Der vulgäre Einwurf: Die Chriſten glaubten, Drei ſei Eins
47 1248 1327 1302 und Eins ſei Drei, beweist nur die Leichtfertigkeit Derjenigen, die
47 1292 1321 1358 ihn erheben. Die chriſtliche Lehre ſagt nicht, daß eine göttliche Weſen⸗
45 1352 1325 1422 heit drei Weſenheiten, und drei Perſonen eine Perſon ſeien. Die Ein⸗
45 1416 1323 1478 heit wird von der Weſenheit, die Dreiheit von den Perſönlichkeiten aus⸗
43 1465 1325 1534 geſagt. Darin liegt aber kein Widerſpruch, da ein ſolcher nur dann
39 1519 1325 1591 vorhanden iſt, wenn dasſelbe von Einem und demſelben und unter der⸗
43 1575 963 1649 ſelben Rückſicht zugleich bejahet und verneint wird.
126 1635 1325 1699 Den Chriſten aber, und unter ihnen ſo vielen ausgezeichneten
43 1697 1325 1759 Denkern, ſo wenig Verſtand zuzutrauen, iſt ſehr leichtfertig. Die Chriſten
43 1755 1323 1821 vermeſſen ſich nicht, das innerſte Weſen und Leben Gottes begreifen zu
43 1804 1323 1873 wollen. Sie wiſſen, daß wir eigentlich das innerſte Weſen keines einzigen
43 1862 1323 1939 Dinges ganz durch und durch begreifen. Die ganze Natur iſt voll Ge⸗
45 1916 1323 1995 heimniſſe. Was iſt Materie, Stoff, Kraft, Licht, Elektricität, Attraction?
43 1976 1323 2042 Ihr innerſtes Weſen iſt uns unbekannt, und doch läugnen wir ihr
43 2028 1325 2100 Daſein und ihre Wirkſamkeit nicht. Um wie viel mehr muß der Schöpfer
43 2092 1323 2164 aller Dinge alle unſere Begriffe überſteigen? Ein Gott, den wir voll⸗
43 2146 1323 2222 kommen begriffen, wäre geringer als wir. Von Gott denken wir nur
45 2199 1323 2274 dann richtig, wenn wir erkennen und bekennen, daß er alle unſere Faſſungs⸗
45 2261 1323 2348 kraft unendlich überſteigt. Aber ohne das Geheimniß der heiligen Drei⸗
