1522 2481
678 70 719 140 9
66 173 1342 223 oder vermengt werden, und die unendliche Gottheit kann nie ein Theil
62 217 1342 283 eines größern Ganzen werden. Dann wäre auch Chriſtus weder Gott
64 272 1342 334 noch Menſch, ſondern ein unnennbares Drittes. — Gibt es etwa einen
62 330 1340 394 doppelten Chriſtus, der Eine Menſch, der Andere Gott, aber durch
64 388 1337 454 Liebe und Freundſchaft mit einander vereint? Unmöglich: denn auch
64 446 1342 510 die innigſte Freundſchaft, die ja nur unter wenigſtens Zweien beſtehen
64 494 1340 562 kann, hebt die Perſönlichkeiten der Liebenden nicht auf, und Chriſtus,
66 556 1342 622 der als Menſch auf Erden gewandelt, eignet ſeinem einzigen Ich, wie
66 607 1342 678 das Menſchliche, ſo alles Göttliche an. Wir müſſen alſo die Ausſage
59 667 1342 736 Chriſti ſo verſtehen, wie ſie an verſchiedenen Stellen der heiligen Schriften
64 733 1342 791 und in der Lehre der Kirche gegen verſchiedene Irrlehrer des Nähern
62 791 597 851 erklärt worden iſt. Nämlich:
150 843 1342 905 Die zweite Perſon der göttlichen Dreieinigkeit hat, ohne an ihrer
55 897 1344 963 Gottheit irgend welche Veränderung zu erleiden, durch die Allmacht der
64 946 1342 1023 göttlichen Liebe, welche den erſten Menſchen erſchaffen, im Schooße der
64 1008 1342 1073 reinen Jungfrau, wie es einem Gotte ziemte, ohne menſchlichen Vater
64 1066 1342 1137 ſich einen menſchlichen Leib und eine menſchliche Seele ſo angeeignet,
66 1126 1342 1188 daß Er ſagen konnte: Dieſer Leib iſt mein Leib, dieſe Seele iſt meine
68 1180 1344 1246 Seele. So war ſeine göttliche Perſönlichkeit die Inhaberin der göttlichen
66 1246 1342 1306 und menſchlichen Natur: wahrer Gott und wahrer Menſch in einer
66 1300 210 1366 Perſon.
144 1350 1344 1424 Iſt nun etwa dieſe Aneignung der menſchlichen Natur durch eine
59 1403 1344 1474 göttliche Perſon unmöglich? Wer wollte das behaupten? Dieſe Ver⸗
66 1461 1344 1536 einigung, weil einzig in ihrer Art, kann durch keine andere vollkommen
68 1519 1346 1585 ähnliche erklärt und begreiflich gemacht werden und bleibt darum ein
68 1571 1344 1651 Geheimniß des Glaubens. Aber einige Ähnlichkeit finden wir doch in
66 1631 272 1701 der Natur.
153 1695 1344 1763 Die Pflanze vermag durch ihr Lebensprincip die Säfte der Erde,
64 1742 1344 1819 die Beſtandtheile der Atmoſphäre ſich anzueignen und ihnen ihre In⸗
68 1809 1346 1877 dividualität mitzutheilen; ſo das Thier gegenüber der Pflanze und den
68 1858 1348 1935 Elementen; ſo der Menſch in Bezug auf die ganze untergeordnete
70 1922 1348 1984 Natur. Wenn aber in der ganzen Schöpfung das Höhere das Niedrigere
66 1984 1346 2046 zu beherrſchen und zu ſich emporzuziehen vermag: wer wird es wagen,
70 2032 1350 2096 zu behaupten, der allmächtige Schöpfer vermöge nicht, die menſchliche
70 2084 1346 2164 Natur ſich ſo anzueignen, daß Er ſeine göttliche Subſiſtenz ihr mittheile,
70 2141 1346 2216 und ſo eine göttliche Perſönlichkeit zwei Naturen, die göttliche und
70 2197 1346 2272 menſchliche, innehabe und trage? — Wäre etwa eine ſolche Vereinigung
72 2255 1346 2344 der Gottheit unwürdig? Eine Entwürdigung der Gottheit liegt darin
