1521 2481
809 55 875 128 10
206 173 1483 223 nicht, denn ſie bleibt unverändert; die Menſchheit aber wird unaus⸗
209 212 1481 283 ſprechlich erhöht, und zwar zu einem des unendlich liebenden Gottes
206 277 972 339 vollkommen würdigen Zwecke: nämlich zur
285 324 1479 396 3. Erlöſung des Menſchengeſchlechtes. Wie tief das Men⸗
202 378 1479 452 ſchengeſchlecht geſunken war bis zur Ankunft Chriſti, wiſſen wir. Trotz
202 438 1479 510 der herrlichen Offenbarung Gottes in der Schöpfung und dem natür⸗
200 502 1475 566 lichen Lichte der Vernunft war der wahre Gott vergeſſen und die Welt
200 552 1477 624 von elenden ſchändlichen Götzen angefüllt, die lauter Perſonificationen
202 609 1473 684 und Vergötterungen aller verderbten Gelüſte des menſchlichen Herzens
198 665 1477 738 waren. Sollte das Menſchengeſchlecht gerettet werden, mußte da nicht
200 729 1477 798 eine übernatürliche Offenbarung Gottes ſtattfinden? Mußte nicht eine
198 779 1477 843 alle Menſchen verpflichtende Auctorität, die nur die Auctorität Gottes
200 843 1477 903 ſelbſt ſein konnte, die einzig wahre Religion beſtimmen? War es nicht
198 893 1477 959 angemeſſen, daß Gott ſelbſt als Menſch auf Erden wandelnd den Menſchen
198 953 1473 1021 zeigte, wie ſie als Menſchen, d. h. als Ebenbilder Gottes, beſtimmt zur
200 1011 1299 1073 ewigen, beſeligenden Vereinigung mit Gott, wandeln ſollten?
285 1058 1473 1139 Aber die Erlöſungsbedürftigkeit der Menſchen liegt noch viel tiefer.
200 1116 1473 1188 Stets hat die Menſchheit das Bewußtſein gehabt, daß ſie der ewigen Ge⸗
196 1176 1473 1250 rechtigkeit gegenüber tief verſchuldet ſei und eine große Schuld abzutragen
196 1230 1471 1308 habe. Daher bei allen Völkern, die den moraliſchen Sinn nicht ganz
196 1298 1475 1358 verloren hatten, die zahlloſen, ſich ſtets wiederholenden Opfer, weil man
196 1348 1473 1420 fühlte, daß auf Erden kein hinlängliches, die Schuld tilgendes Opfer zu
196 1397 389 1469 finden ſei.
279 1455 1475 1536 Und in der That: welcher Menſch fühlt nicht, daß er ein Sünder
196 1517 1475 1585 und der göttlichen Gerechtigkeit verfallen iſt? Wer da ſagt, er habe
194 1571 1471 1649 keine Sünde, der iſt ein Lügner und die Wahrheit iſt nicht in ihm.
198 1633 1473 1707 Dieß gilt nicht bloß von der Erbſünde des ganzen Geſchlechtes, ſondern
194 1685 1473 1765 bei jedem Erwachſenen von zahlreichen, mehr oder minder ſchweren,
194 1747 1473 1813 perſönlichen Sünden. — Hat nun ein Menſch auch nur eine einzige ſchwere,
190 1806 1471 1871 eine Todſünde begangen: welches iſt ſeine Lage der ewigen Gerechtigkeit
194 1866 1473 1928 gegenüber? Wie groß iſt ſeine Schuld? Eine Todſünde iſt eine mit
192 1916 1473 1988 voller Kenntniß und voller Einwilligung begangene Übertretung eines
192 1974 1471 2040 göttlichen Gebotes in einer ſchweren Sache, eine förmliche Entgegen⸗
192 2028 1473 2102 ſetzung des geſchaffenen Willens gegen den gekannten Willen ſeines
192 2084 1471 2156 Schöpfers, eine eigentliche Empörung gegen Gott. Es liegt aber in
192 2139 1473 2214 der Natur der Empörung, daß der Empörer ſeinen Herrn als ſolchen
192 2195 1465 2274 vernichten will, um ſich oder einen andern an deſſen Stelle zu ſetzen.
192 2249 1469 2346 Der Sünder entzieht ſich der Herrſchaft Gottes, wirft ſich ſelbſt zum
