1522 2481
645 66 707 124 11
39 165 1315 231 unabhängigen Weſen auf, und macht ſeinen eigenen Willen zur Richt⸗
41 212 1313 279 ſchnur ſeines Thuns und Laſſens. Seine That iſt eine verſuchte Ver⸗
37 268 1315 343 nichtung Gottes: ich ſage eine verſuchte, weil wir Gott ebenſo wenig
35 330 1315 403 durch unſere Schlechtigkeit ſchaden als durch unſere Gerechtigkeit nützen
37 384 1313 454 können. Aber die Sünde an ſich iſt eine Verletzung der Rechte Gottes,
37 448 1315 504 eine Verkennung ſeiner Gerechtigkeit, Weisheit und Güte, die uns das
39 498 1313 572 Sittengeſetz gegeben, eine Verhöhnung und Verachtung ſeiner Majeſtät,
35 558 1313 628 indem wir Ihrer Liebe und Freundſchaft und Ihrem ewigen Beſitze den
33 614 1313 682 niedrigen Gegenſtand unſerer böſen Luſt vorziehen. So wahr alſo Gott
33 671 1313 731 das höchſte unendliche Gut iſt, ſo wahr iſt die Sünde das höchſte Übel,
33 725 1313 787 eine unendliche Schuld. — Hat nun ein Menſch der ewigen Gerechtigkeit
28 781 1313 851 gegenüber eine ſolche Schuld auf ſich geladen, wie will er ſich derſelben
28 837 1313 907 entledigen? Etwa dadurch, daß er ſeine Sünde aufrichtig bereut? Auf⸗
37 899 1313 965 richtige Reue iſt jedenfalls eine unerläßliche Bedingung, damit ihm Gott
35 953 1313 1021 die Sünde vergeben und ihn wieder in Gnaden aufnehmen könne: aber
35 1011 1313 1077 ſie iſt kein Anrecht auf Verzeihung, ſie macht das begangene Unrecht
31 1064 1313 1139 nicht gut. Soll Gott keine Genugthuung verlangen? Wir können Gott
35 1124 1313 1186 Nichts vorſchreiben: Er iſt der Herr. Aber wäre es uns gut, wenn
35 1180 1311 1244 wir das Sittengeſetz, auf welchem nicht nur unſere Vollkommenheit und
35 1244 1313 1302 alſo unſere ewige Seligkeit, ſondern ſelbſt unſer zeitliches Glück und die
26 1294 1311 1360 ganze geſellſchaftliche Ordnung beruhen, ungeſtraft verletzen könnten?
33 1350 1311 1414 Würden von uns Gottes Heiligkeit und Gerechtigkeit, die Ihm ebenſo
33 1403 1304 1469 eigen ſind, wie Barmherzigkeit und Güte, hinlänglich erkannt werden? —
31 1463 1311 1525 Soll der Sünder ſeine Schuld dadurch abtragen, daß er nach ſeiner
33 1521 1311 1583 Bekehrung alle Gebote Gottes vollkommen beobachtet und Gott auf das
33 1579 1311 1647 Vollkommenſte dient? Aber das war er ſchon vor der Sünde zu thun
35 1635 1313 1699 ſchuldig, weil er Gottes Geſchöpf und alſo allſeitiges Eigenthum Gottes
31 1687 1311 1755 iſt. Er hat alſo kein frei verfügbares Eigenthum, mit dem er ſeine Sün⸗
31 1742 1313 1815 denſchuld abtragen könnte. Übrigens ſind alle, auch die heiligſten Werke
28 1800 1306 1879 der Menſchen von endlichem Werthe und endlicher Würde wie er ſelbſt:
31 1858 1309 1935 wie könnten ſie eine unendliche Schuld aufwiegen? — Soll ihm etwa
28 1916 1309 1984 ein anderer, unſchuldiger Menſch, als Bürge, zu Hilfe kommen? Aber wo
31 1968 1311 2046 iſt der Unſchuldige unter den Menſchen? Selbſt die rein gebliebenen Engel
28 2028 1315 2104 können für den armen Sünder nicht genug thun. Denn auch ſie, wie
26 2081 1304 2160 jedes Geſchöpf, ſchulden ſich und all' das Ihrige Gott als ihrem Schöpfer,
26 2141 1304 2218 und alle ihre Verdienſte haben nur endlichen, ſehr beſchränkten Werth.
28 2193 1309 2272 Der göttlichen Gerechtigkeit alſo gegenüber geſtellt, hat der arme Sünder
28 2255 1309 2338 nichts Anderes zu erwarten als den ewigen Schuldenkerker. Wer alſo
