1522 2481
645 -4 709 124 13
126 159 1313 217 Chriſti Ausſage iſt alſo, wie an ſich, ſo ihrem Inhalte nach, voll⸗
37 212 438 277 kommen glaubwürdig.
119 258 1315 328 Gibt es aber an Chriſtus nicht irgend etwas, das ſeine Ausſage
35 322 1311 382 dennoch verdächtig machen könnte? Zur Antwort wollen wir uns
37 378 1309 452 Chriſtus allſeitig anſehen: ſeine Geſchichte, ſeinen ſittlichen Charakter,
37 434 1311 498 ſein Lehrgebäude, ſeine Thaten. Und wir haben die Zuverſicht, dieſes
37 492 1311 568 Alles werde ſeine eidliche Ausſage nicht nur nicht verdächtigen, ſondern
35 554 481 611 augenſcheinlich beſtätigen.
467 645 872 721 Die Geſchichte Chriſti.
117 727 1306 787 Nach dem Sündenfalle unſerer Stammeltern verſprach Gott dem
33 779 1306 847 ſündigen Geſchlechte einen Erlöſer. Derſelbe ſoll der Schlange, d. h.
33 835 1309 909 Satan, der mächtigſten Creatur, den Kopf zertreten, alſo eine göttliche
33 893 1304 963 Perſönlichkeit ſein; Er ſoll ein Nachkomme des Weibes, und nur des
35 944 1304 1015 Weibes, alſo ein Gottmenſch, jungfräulich empfangen ſein. Dieß ſind
31 1004 1304 1070 die uranfänglich entworfenen Grundzüge eines Bildes, an welchem im
31 1060 1298 1130 Verlaufe von Jahrhunderten die zahlreichen Propheten, die ſich auf
24 1120 1306 1192 Erden einander nie getroffen, ſich alſo nie verabredet haben, von
28 1176 1304 1242 Gott geſandt und erleuchtet die verſchiedenen Züge ausmalten, bis
31 1236 1304 1306 das Gemälde vollkommen ausgeführt war. Sein Stammbaum wird
28 1285 1302 1362 aufgeführt durch Abraham, Iſaak, Jakob, David. Die Zeit ſeiner
31 1345 1304 1420 Ankunft iſt feſtgeſetzt, wann das Scepter von Juda wird gewichen ſein,
28 1405 1304 1467 nach Ablauf der 70 Jahrwochen Daniels, während aber noch der zweite
28 1457 1306 1532 Tempel ſteht. Der Ort ſeiner Geburt ſoll Bethlehem ſein. Er ſoll frohe
28 1513 1302 1581 Botſchaft den Völkern verkünden, große Wunder wirken, und triumphi⸗
28 1573 1304 1637 rend in Jeruſalem einziehen. Er wird aber von einem ſeiner Jünger
28 1629 1302 1695 verrathen, verkauft um 30 Silberlinge, die dann zum Ankaufe des
31 1685 1298 1757 Ackers eines Töpfers verwendet werden; von den Seinigen verlaſſen,
28 1742 1302 1815 vor Gericht verklagt, vertheidigt er ſich nicht. Verurtheilt empfängt
26 1800 1302 1873 er Backenſtreiche und wird angeſpieen, gekreuzigt mitten unter Verbrechern,
28 1854 1304 1933 verhöhnt in ſeinen Schmerzen, mit Galle und Eſſig getränkt; ſeine Kleider
26 1910 1302 1982 werden vertheilt und verlooſet, Er wird mit einer Lanze durchſtochen,
28 1966 1306 2036 im Grabe eines Reichen beſtattet, und Gottloſe werden als Wache an
28 2026 1306 2100 ſeinem Grabe aufgeſtellt. Er wird aber dennoch auferſtehen, und, weil
28 2079 1302 2150 Er für die Sünden ſeines Volkes ſein Leben hingegeben, wird Er eine
24 2141 1302 2214 zahlreiche Nachkommenſchaft haben, ein neues Geſetz geben und ein
26 2193 1300 2278 Reich in der Erkenntniß des wahren Gottes gründen, welches die
31 2247 272 2361 Erde umfaßt.
