1522 2481
653 51 698 117 15
43 142 1315 212 Nazareth beweiſen, ſchon dreihundert Jahre vor Chriſtus nicht nur im
43 198 1315 274 hebräiſchen Urtexte, ſondern auch in griechiſcher Überſetzung in den
41 266 1313 324 Händen der Heiden exiſtiren. Die Prophetien alſo, die in jenen Büchern
39 312 1313 386 enthalten und in Chriſtus unläugbar erfüllt ſind, waren wenigſtens
41 372 1317 436 drei Jahrhunderte vor Chriſtus geſchrieben. Können ſie anders als
41 427 1311 489 von Gott kommen? Sind alſo jene Bücher nicht göttlich, alſo echt
39 481 1298 549 und wahrhaftig? Was nützt alſo alles Herummäklen ihrer Kritiker?
130 547 1309 611 Sie mißhandeln die Evangelien wie die Bücher des alten Bundes.
43 601 1311 663 Der Eine verwirft dieſes, der Andere jenes Evangelium; was nützt
37 657 1313 719 es, wenn man auch nur Eines muß gelten laſſen? Und wenn man
37 721 1313 783 alle vier Evangelien wegkritiſiren wollte; was hilft es, wenn man auch
41 781 1317 833 nur die Briefe des hl. Paulus müßte ſtehen laſſen? Und wenn man
41 839 1315 897 auch das ganze neue Teſtament wegwerfen wollte, was würde es helfen?
39 893 1317 946 Es ſtünde doch im Bewußtſein des ganzen Menſchengeſchlechtes die
41 940 1315 1006 Geſchichte Chriſti feſt, und namentlich, daß Chriſtus gekreuzigt worden,
43 1004 1315 1060 weil Er ſich für Gott, Welterlöſer, ausgegeben, und unſer daraus
35 1050 1315 1120 geführter Beweis für ſeine Gottheit ſtünde dennoch feſt. Das Chri⸗
43 1114 1315 1180 ſtenthum ſtünde doch ſeit 18 Jahrhunderten, die Weltgeſchichte beherr⸗
41 1174 1319 1232 ſchend, da, offenbar nicht ohne Grundlage, und dieſe kann keine andere
41 1228 1315 1294 ſein, als die Gottheit ſeines Gründers; denn kein Menſch, der ſich
45 1281 1317 1350 ſelber achtet, kann ſich Chriſt nennen, ohne an die Gottheit Chriſti zu
39 1335 196 1405 glauben.
401 1424 953 1486 Der ſittliche Charakter Chriſti.
126 1509 1319 1575 Hier ſtehen wir vor einem Gegenſtande, zu dem wir kaum die
45 1563 1315 1641 Augen zu erheben wagen. Von den zahlloſen chriſtlichen Schriftſtellern,
43 1618 1319 1693 die mit ſo inniger Liebe, mit ſo enthuſiaſtiſcher Bewunderung über
41 1678 1319 1749 Chriſtus geſchrieben, welcher hat ſich wohl zugetraut, uns das ſittliche
45 1736 1319 1800 Bild Chriſti vollſtändig zu zeichnen? Wie es keinem Maler, keinem
45 1790 1317 1864 Bildhauer gelungen iſt, uns Chriſtus dem Leibe nach vollkommen be⸗
45 1846 1315 1920 friedigend darzuſtellen, ſo iſt es keinem Redner, keinem Dichter gelungen,
43 1908 1319 1980 uns Chriſtus dem Geiſte nach zu beſchreiben. Das Chriſtenthum hat
43 1970 1315 2036 unläugbar viele, große, bewunderungswürdige Heilige herangebildet;
45 2019 1315 2081 aber auch die größten unter ihnen, was ſind ſie Anderes als matte
45 2073 1315 2137 Copien Chriſti? Wie vor der Sonne auch die hellglänzendſten Sterne
43 2133 1317 2208 erblaſſen, ſo ſchwindet vor Chriſtus jede andere Heiligkeit. Von Ihm
43 2193 1319 2265 allein heißt es in der Weltgeſchichte: Er hat Alles wohlgethan, Er
41 2253 1323 2330 hat jeden ſeiner Schritte mit Wohlthun bezeichnet. Er allein konnte
