<?xml version="1.0" encoding="UTF-8"  standalone="yes"?>
<PcGts xmlns="http://schema.primaresearch.org/PAGE/gts/pagecontent/2019-07-15" xmlns:xsi="http://www.w3.org/2001/XMLSchema-instance" xsi:schemaLocation="http://schema.primaresearch.org/PAGE/gts/pagecontent/2019-07-15 http://schema.primaresearch.org/PAGE/gts/pagecontent/2019-07-15/pagecontent.xsd">
  <Metadata externalRef="http://idb.ub.uni-tuebingen.de/opendigi/image/stml_1872_02/stml_1872_02_00023.jp2/full/full/0/default.jpg">
	<Creator>escriptorium</Creator>
	<Created>2022-02-23T19:09:10.344371+00:00</Created>
        <LastChange>2022-02-23T19:09:10.344386+00:00</LastChange>
  </Metadata>
  <Page imageFilename="22_115a4_default.jpg" imageWidth="1522" imageHeight="2481">
    <TextRegion id="eSc_textblock_e757ec69"  >
      <Coords points="692,88 636,105 636,49 684,49 692,88"/>
      <TextLine id="eSc_line_1670158c" >
        <Coords points="630,95 620,0 674,4 684,90 684,103 630,107"/>
        <Baseline points="630,95 684,90"/>
        <TextEquiv>
          <Unicode>17</Unicode>
        </TextEquiv>
      </TextLine>
    </TextRegion>
    <TextRegion id="eSc_textblock_3de4797e"  >
      <Coords points="1304,2313 1133,2313 1089,2354 1056,2313 430,2313 173,2346 82,2338 41,2296 33,148 1304,165 1304,2313"/>
      <TextLine id="eSc_line_8c3044af" >
        <Coords points="26,184 26,138 107,148 335,140 335,140 337,140 337,140 337,140 339,140 339,140 370,150 1294,146 1296,192 1294,202 345,208 343,208 43,206 43,206 43,206 41,206 41,206 41,206 39,206 20,194"/>
        <Baseline points="26,184 1296,192"/>
        <TextEquiv>
          <Unicode>ren aller Weltweiſen, und geben als Grund, warum ſie ſich Chriſten</Unicode>
        </TextEquiv>
      </TextLine>
      <TextLine id="eSc_line_07ff0308" >
        <Coords points="24,239 24,200 1294,204 1294,246 1290,260 22,254"/>
        <Baseline points="24,239 1294,246"/>
        <TextEquiv>
          <Unicode>nennen, nur die Reinheit, Erhabenheit, Heiligkeit und Menſchenfreund⸗</Unicode>
        </TextEquiv>
      </TextLine>
      <TextLine id="eSc_line_6458766f" >
        <Coords points="24,297 24,250 314,250 314,250 314,250 316,250 318,250 349,260 605,252 626,252 628,252 628,252 630,252 632,252 667,262 947,254 957,254 959,254 959,254 961,254 961,254 961,254 961,254 984,264 1288,256 1292,305 1290,316 978,326 976,326 862,316 682,324 680,324 680,324 680,324 678,324 643,314 641,314 618,314 361,322 359,322 20,310"/>
        <Baseline points="24,297 1292,305"/>
        <TextEquiv>
          <Unicode>lichkeit ſeiner Sittenlehre an. Jeder geſteht gern, daß, wenn die Men⸗</Unicode>
        </TextEquiv>
      </TextLine>
      <TextLine id="eSc_line_c5f8e836" >
        <Coords points="24,357 24,308 74,318 430,312 558,310 560,310 597,314 663,322 1294,322 1296,361 1294,376 64,378 62,378 62,378 59,378 20,365"/>
        <Baseline points="24,357 1296,361"/>
        <TextEquiv>
          <Unicode>ſchen die Moral des Evangeliums vollkommen beobachteten, es ihnen</Unicode>
        </TextEquiv>
      </TextLine>
      <TextLine id="eSc_line_9315e3c9" >
        <Coords points="24,415 24,374 1294,380 1296,419 1292,434 22,425"/>
        <Baseline points="24,415 1296,419"/>
        <TextEquiv>
          <Unicode>zur höchſten Vollkommenheit der Menſchennatur und zu vollendetem</Unicode>
        </TextEquiv>
      </TextLine>
      <TextLine id="eSc_line_f67eccfd" >
        <Coords points="28,469 28,417 122,430 200,421 229,419 229,419 231,419 231,419 264,423 320,432 386,427 448,423 450,423 450,423 450,423 452,423 452,423 452,423 454,423 454,423 454,425 461,430 465,434 504,432 605,423 607,423 607,423 607,423 610,423 610,423 641,436 641,475 636,487 24,481"/>
        <Baseline points="28,469 641,475"/>
        <TextEquiv>
          <Unicode>Glücke an Nichts gebrechen würde.</Unicode>
        </TextEquiv>
      </TextLine>
      <TextLine id="eSc_line_d0f61781" >
        <Coords points="111,529 109,485 1288,481 1292,533 1290,541 130,549 128,549 128,549 126,549 126,549 126,549 124,549 103,537"/>
        <Baseline points="111,529 1292,533"/>
        <TextEquiv>
          <Unicode>Anders verhält es ſich mit der Glaubenslehre des Chriſtenthums:</Unicode>
        </TextEquiv>
      </TextLine>
      <TextLine id="eSc_line_9dcdb328" >
        <Coords points="24,589 24,549 1294,549 1294,589 1292,607 22,605"/>
        <Baseline points="24,589 1294,589"/>
        <TextEquiv>
          <Unicode>gegen dieſe richten ſich alle Angriffe. Warum? Aus zwei Gründen.</Unicode>
        </TextEquiv>
      </TextLine>
      <TextLine id="eSc_line_f8cdfcb8" >
        <Coords points="28,642 28,591 90,603 208,593 212,593 212,593 215,593 215,593 217,593 217,593 217,593 217,593 219,593 219,593 231,603 270,593 275,593 277,593 277,593 279,593 279,593 279,593 285,593 330,603 363,595 370,593 372,593 372,593 374,593 374,593 374,593 376,593 376,593 376,593 378,593 378,593 380,595 390,603 750,599 1186,595 1189,595 1189,595 1191,595 1232,605 1257,595 1257,595 1259,595 1259,595 1259,595 1261,595 1261,595 1263,595 1263,595 1296,607 1296,647 1292,657 26,653"/>
        <Baseline points="28,642 1296,647"/>
        <TextEquiv>
          <Unicode>Sie enthält, wie wir oben geſehen, Lehrſätze, welche über die Faſſungs⸗</Unicode>
        </TextEquiv>
      </TextLine>
      <TextLine id="eSc_line_edfda015" >
        <Coords points="28,698 28,649 111,661 122,653 122,651 122,651 124,651 124,651 124,651 126,651 126,651 128,651 128,651 128,651 130,651 130,651 130,651 153,663 266,663 277,653 277,651 277,651 279,651 279,651 279,651 281,651 281,651 281,651 283,651 428,661 444,651 446,651 446,651 446,651 446,651 448,651 448,651 450,651 450,651 450,651 452,651 452,651 452,651 483,665 558,665 568,655 568,653 568,653 570,653 570,653 570,653 572,653 572,653 574,653 574,653 574,653 576,653 612,663 785,653 798,653 800,653 800,653 800,653 804,653 874,665 907,655 909,655 909,655 909,655 911,655 911,655 911,655 963,665 1294,657 1298,705 1296,723 465,723 463,721 463,721 461,721 461,721 461,721 444,713 440,711 380,711 64,719 62,719 62,719 62,719 59,719 24,707"/>
        <Baseline points="28,698 1298,705"/>
        <TextEquiv>
          <Unicode>kraft der menſchlichen Vernunft hinausreichen. Iſt nun ein Menſch</Unicode>
        </TextEquiv>
      </TextLine>
      <TextLine id="eSc_line_b6a4b410" >
        <Coords points="28,756 28,707 97,717 442,711 566,709 568,709 607,713 678,721 1298,721 1300,760 1298,773 28,773"/>
        <Baseline points="28,756 1300,760"/>
        <TextEquiv>
          <Unicode>ſtolz und anmaßend, und ſetzen wir hinzu, thöricht genug, um ſeine</Unicode>
        </TextEquiv>
      </TextLine>
      <TextLine id="eSc_line_70cabd3e" >
        <Coords points="28,818 26,769 1292,775 1296,814 1294,827 28,831"/>
        <Baseline points="28,818 1296,814"/>
        <TextEquiv>
          <Unicode>Faſſungskraft als das letzte Maß aller Wahrheit aufzuſtellen, ſo muß</Unicode>
        </TextEquiv>
      </TextLine>
      <TextLine id="eSc_line_2c8fc643" >
        <Coords points="26,868 26,831 1294,837 1296,874 1294,886 876,895 874,895 874,895 872,895 872,895 847,884 841,882 827,884 779,893 779,893 779,893 777,893 777,893 775,893 775,893 750,884 748,882 746,884 738,891 738,893 738,893 736,893 736,893 736,893 734,893 734,893 734,895 521,895 519,893 519,893 516,893 516,893 490,882 488,882 488,882 459,893 459,893 457,893 457,893 454,893 454,893 454,893 452,893 452,893 452,893 450,893 450,893 450,891 448,891 442,882 442,880 330,880 326,880 312,891 310,891 310,891 310,891 308,891 308,891 308,893 86,893 84,891 84,891 24,878"/>
        <Baseline points="26,868 1296,874"/>
        <TextEquiv>
          <Unicode>er ſich unwillig von den Geheimniſſen des chriſtlichen Glaubens ab⸗</Unicode>
        </TextEquiv>
      </TextLine>
      <TextLine id="eSc_line_d51fa726" >
        <Coords points="28,924 28,886 248,886 250,886 272,876 272,876 275,876 275,876 275,876 277,876 277,876 279,876 279,876 279,876 301,886 301,886 303,886 378,878 378,878 380,878 684,889 701,889 703,889 746,878 748,878 748,878 750,878 914,891 932,891 934,891 961,880 961,880 963,880 963,880 965,880 1176,880 1176,880 1176,880 1178,880 1178,880 1207,891 1261,880 1261,880 1261,880 1263,880 1263,880 1263,880 1265,880 1300,893 1300,930 1298,944 136,946 134,946 26,934"/>
        <Baseline points="28,924 1300,930"/>
        <TextEquiv>
          <Unicode>wenden. — Zum Hochmuthe, welcher ſelbſt die Auctorität Gottes nicht</Unicode>
        </TextEquiv>
      </TextLine>
      <TextLine id="eSc_line_05b841e4" >
        <Coords points="28,986 28,940 1300,946 1300,986 1300,996 103,1006 101,1006 26,996"/>
        <Baseline points="28,986 1300,986"/>
        <TextEquiv>
          <Unicode>anerkennt, geſellt ſich naturgemäß die Verderbtheit des Herzens, welches</Unicode>
        </TextEquiv>
      </TextLine>
      <TextLine id="eSc_line_facd3972" >
        <Coords points="28,1039 28,988 153,1002 417,1002 452,992 467,990 467,990 467,990 469,990 531,994 626,1000 636,996 649,990 649,990 649,990 651,990 651,990 653,990 653,990 655,990 678,996 707,1002 740,996 769,992 769,992 769,992 771,992 872,998 940,1002 1019,1000 1273,992 1275,992 1275,992 1277,992 1277,992 1277,992 1302,1004 1302,1044 1300,1056 78,1062 76,1062 76,1062 76,1062 26,1050"/>
        <Baseline points="28,1039 1302,1044"/>
        <TextEquiv>
          <Unicode>nicht chriſtlich glauben will, um nicht chriſtlich leben zu müſſen. Alle</Unicode>
        </TextEquiv>
      </TextLine>
      <TextLine id="eSc_line_1b6fe254" >
        <Coords points="28,1097 28,1054 459,1058 467,1056 488,1048 488,1048 490,1048 490,1048 492,1048 492,1048 492,1048 494,1048 521,1056 527,1058 531,1056 543,1048 545,1048 545,1048 548,1048 548,1048 548,1048 550,1048 752,1058 814,1060 862,1058 1029,1050 1031,1050 1031,1050 1031,1050 1033,1050 1033,1050 1033,1050 1036,1050 1036,1050 1046,1060 1048,1060 1050,1060 1089,1050 1091,1050 1091,1050 1093,1050 1093,1050 1164,1060 1164,1060 1164,1060 1174,1052 1174,1050 1174,1050 1176,1050 1176,1050 1176,1050 1178,1050 1178,1050 1180,1050 1253,1050 1253,1050 1253,1050 1255,1050 1300,1062 1300,1101 1298,1110 28,1112"/>
        <Baseline points="28,1097 1300,1101"/>
        <TextEquiv>
          <Unicode>Lobeserhebungen, welche die Läugner der Gottheit Chriſti ſeiner Sitten⸗</Unicode>
        </TextEquiv>
      </TextLine>
      <TextLine id="eSc_line_750822cc" >
        <Coords points="28,1153 28,1101 107,1116 1296,1116 1300,1159 1296,1180 874,1170 707,1174 492,1178 490,1178 405,1170 382,1168 332,1168 68,1176 66,1176 66,1176 64,1176 24,1164"/>
        <Baseline points="28,1153 1300,1159"/>
        <TextEquiv>
          <Unicode>lehre ſpenden, ſind reine Heuchelei. Sie wollen dadurch ſich als ſittlich</Unicode>
        </TextEquiv>
      </TextLine>
      <TextLine id="eSc_line_d33ff2a5" >
        <Coords points="31,1209 31,1168 1300,1174 1302,1215 1300,1226 477,1234 475,1234 475,1234 411,1223 88,1232 86,1232 86,1232 28,1219"/>
        <Baseline points="31,1209 1302,1215"/>
        <TextEquiv>
          <Unicode>ernſte Menſchen hinſtellen, damit man nicht vermuthe, daß ſie aus</Unicode>
        </TextEquiv>
      </TextLine>
      <TextLine id="eSc_line_adecefff" >
        <Coords points="31,1269 31,1219 146,1232 421,1232 440,1221 446,1219 446,1219 446,1219 448,1219 448,1219 450,1219 667,1221 667,1221 667,1221 670,1221 670,1221 670,1221 672,1221 672,1221 674,1223 684,1234 862,1234 876,1226 885,1221 885,1221 885,1221 887,1221 887,1221 889,1221 1302,1230 1302,1273 1298,1283 28,1279"/>
        <Baseline points="31,1269 1302,1273"/>
        <TextEquiv>
          <Unicode>Furcht vor ſeinen practiſchen Folgerungen den chriſtlichen Glauben an⸗</Unicode>
        </TextEquiv>
      </TextLine>
      <TextLine id="eSc_line_7d836470" >
        <Coords points="31,1323 28,1279 481,1277 483,1277 483,1277 483,1277 510,1283 531,1288 539,1283 548,1277 550,1277 550,1277 552,1277 552,1277 552,1277 554,1277 554,1277 554,1277 556,1277 556,1277 570,1283 579,1288 585,1283 593,1277 595,1277 595,1277 595,1277 597,1277 597,1277 599,1277 599,1277 657,1285 686,1288 729,1285 858,1277 860,1277 860,1277 860,1277 916,1288 932,1290 938,1288 957,1279 957,1279 959,1279 959,1279 959,1279 961,1279 1135,1290 1151,1290 1160,1290 1265,1279 1265,1279 1267,1279 1267,1279 1269,1279 1269,1279 1302,1292 1304,1329 1304,1339 1267,1352 1265,1352 1265,1352 1265,1352 1263,1352 1263,1352 1261,1352 1215,1341 1100,1341 1077,1352 1077,1352 1077,1352 1075,1352 1075,1352 1073,1352 1073,1352 953,1341 924,1352 924,1352 922,1352 922,1352 920,1352 920,1352 920,1352 918,1352 878,1339 843,1350 841,1350 841,1350 841,1350 839,1350 839,1350 837,1350 837,1350 808,1339 585,1350 583,1350 583,1350 581,1350 535,1339 461,1350 461,1350 459,1350 208,1348 208,1348 208,1348 206,1348 206,1348 206,1348 204,1348 188,1337 76,1348 76,1348 74,1348 74,1348 72,1348 26,1333"/>
        <Baseline points="31,1323 1304,1329"/>
        <TextEquiv>
          <Unicode>greifen. Wahr aber bleibt, daß ſie nur darum in das Credo Breſche</Unicode>
        </TextEquiv>
      </TextLine>
      <TextLine id="eSc_line_19e76e76" >
        <Coords points="33,1381 33,1329 128,1343 252,1333 252,1333 254,1333 254,1333 256,1333 256,1333 256,1333 258,1333 275,1345 382,1345 442,1331 452,1331 452,1331 452,1331 454,1331 454,1331 457,1331 463,1333 510,1345 607,1333 618,1333 618,1333 620,1333 620,1333 634,1333 736,1345 761,1335 767,1333 767,1333 769,1333 769,1333 769,1333 771,1333 771,1333 773,1333 773,1333 773,1333 775,1333 775,1333 775,1335 777,1335 787,1345 827,1335 841,1333 841,1333 841,1333 843,1333 843,1333 878,1337 984,1348 1011,1337 1017,1335 1017,1335 1019,1335 1019,1335 1021,1335 1071,1335 1071,1335 1071,1335 1073,1335 1073,1335 1073,1335 1075,1335 1075,1335 1075,1337 1077,1337 1087,1348 1120,1339 1135,1335 1137,1335 1137,1335 1139,1335 1300,1341 1302,1387 1300,1395 911,1405 909,1405 909,1405 909,1405 907,1405 876,1395 874,1395 851,1395 459,1403 457,1403 31,1391"/>
        <Baseline points="33,1381 1302,1387"/>
        <TextEquiv>
          <Unicode>ſchießen wollen, weil hinter demſelben der Dekalog ſteht. In allen</Unicode>
        </TextEquiv>
      </TextLine>
      <TextLine id="eSc_line_98c34ebb" >
        <Coords points="33,1438 33,1385 113,1401 235,1401 262,1387 262,1387 262,1387 264,1387 264,1387 264,1387 266,1387 287,1387 514,1401 533,1391 535,1389 537,1389 537,1389 537,1389 539,1389 539,1389 541,1389 541,1389 541,1389 543,1389 543,1389 543,1389 548,1391 568,1401 603,1391 605,1391 607,1391 607,1391 607,1391 610,1391 634,1391 783,1401 808,1393 825,1389 827,1389 827,1389 829,1389 829,1389 895,1395 982,1405 1073,1405 1081,1397 1089,1391 1089,1391 1091,1391 1091,1391 1091,1391 1093,1391 1093,1391 1096,1391 1298,1401 1300,1445 1298,1453 469,1461 467,1461 171,1451 88,1459 88,1459 86,1459 86,1459 31,1447"/>
        <Baseline points="33,1438 1300,1445"/>
        <TextEquiv>
          <Unicode>Fächern menſchlichen Wiſſens gibt es ungelöste Fragen, Geheimniſſe.</Unicode>
        </TextEquiv>
      </TextLine>
      <TextLine id="eSc_line_1d501f42" >
        <Coords points="35,1492 35,1441 113,1457 603,1457 618,1447 620,1445 620,1445 622,1445 622,1445 622,1445 624,1445 624,1445 624,1445 626,1445 626,1445 647,1447 713,1461 771,1461 789,1449 792,1447 794,1447 794,1447 794,1447 796,1447 796,1447 798,1447 798,1447 798,1447 800,1447 810,1449 837,1457 893,1451 932,1447 932,1447 934,1447 934,1447 936,1447 936,1447 951,1451 971,1459 984,1453 988,1449 990,1449 990,1449 990,1449 992,1449 992,1449 994,1449 1304,1457 1304,1501 1302,1509 1120,1521 1118,1521 1118,1521 1118,1521 1116,1521 1116,1521 1116,1521 1114,1521 1100,1511 1021,1521 1021,1521 1019,1521 1019,1521 1019,1521 1017,1521 986,1511 982,1509 980,1511 967,1519 965,1519 965,1519 965,1519 963,1519 963,1519 963,1519 961,1519 961,1519 959,1519 924,1511 914,1509 878,1511 750,1519 748,1519 610,1517 610,1517 610,1517 607,1517 607,1517 607,1517 605,1517 597,1511 591,1507 570,1511 539,1517 539,1517 537,1517 31,1511"/>
        <Baseline points="35,1492 1304,1501"/>
        <TextEquiv>
          <Unicode>Man läßt ſich dieſelben gerne gefallen. Warum? Sie führen keine</Unicode>
        </TextEquiv>
      </TextLine>
      <TextLine id="eSc_line_c3ac94e0" >
        <Coords points="35,1548 35,1498 122,1511 1304,1511 1306,1554 1304,1569 111,1573 109,1573 109,1573 33,1560"/>
        <Baseline points="35,1548 1306,1554"/>
        <TextEquiv>
          <Unicode>unangenehme Folgerungen mit ſich: man kann nach wie vor leben, wie</Unicode>
        </TextEquiv>
      </TextLine>
      <TextLine id="eSc_line_23b099c3" >
        <Coords points="35,1606 35,1560 521,1569 601,1560 616,1558 616,1558 618,1558 618,1558 620,1558 626,1560 672,1571 729,1560 729,1560 729,1560 732,1560 926,1560 926,1560 926,1560 926,1560 928,1560 928,1560 953,1571 1298,1560 1302,1610 1300,1622 690,1633 688,1633 33,1618"/>
        <Baseline points="35,1606 1302,1610"/>
        <TextEquiv>
          <Unicode>man will. Sind aber die chriſtlichen Glaubenslehren wahr, dann iſt</Unicode>
        </TextEquiv>
      </TextLine>
      <TextLine id="eSc_line_c6e34ad1" >
        <Coords points="35,1662 35,1614 1304,1625 1306,1668 1304,1680 930,1691 928,1691 804,1680 779,1680 33,1680"/>
        <Baseline points="35,1662 1306,1668"/>
        <TextEquiv>
          <Unicode>auch die heilige, ſtrenge Sittenlehre des Chriſtenthums in allen ihren</Unicode>
        </TextEquiv>
      </TextLine>
      <TextLine id="eSc_line_06fdcc1a" >
        <Coords points="35,1720 35,1668 90,1680 115,1670 115,1670 117,1670 117,1670 117,1670 119,1670 119,1670 119,1670 122,1670 122,1670 124,1670 124,1670 124,1670 138,1685 301,1687 440,1687 459,1672 461,1672 461,1672 461,1672 463,1672 463,1672 465,1672 465,1672 622,1687 709,1674 709,1674 711,1674 711,1674 812,1689 922,1676 924,1676 994,1676 994,1676 994,1676 996,1676 996,1676 996,1676 998,1676 998,1676 1015,1689 1298,1678 1302,1730 1300,1740 543,1747 541,1747 113,1734 80,1742 78,1742 78,1742 78,1742 76,1742 76,1742 74,1742 28,1730"/>
        <Baseline points="35,1720 1302,1730"/>
        <TextEquiv>
          <Unicode>Theilen ein ſtreng verpflichtendes Geſetz, auf welches, als Sanction,</Unicode>
        </TextEquiv>
      </TextLine>
      <TextLine id="eSc_line_9ad3b0e2" >
        <Coords points="37,1773 37,1730 982,1742 982,1784 978,1792 33,1790"/>
        <Baseline points="37,1773 254,1784 982,1784"/>
        <TextEquiv>
          <Unicode>eine Ewigkeit mit ihrem unendlichen Gewichte drückt.</Unicode>
        </TextEquiv>
      </TextLine>
      <TextLine id="eSc_line_1f834f0e" >
        <Coords points="117,1835 115,1794 1302,1790 1306,1840 1302,1852 113,1848"/>
        <Baseline points="117,1835 1306,1840"/>
        <TextEquiv>
          <Unicode>Bei der Verderbtheit des menſchlichen Herzens iſt es darum gar nicht</Unicode>
        </TextEquiv>
      </TextLine>
      <TextLine id="eSc_line_2728c502" >
        <Coords points="35,1889 35,1846 1302,1854 1306,1893 1304,1908 35,1908"/>
        <Baseline points="35,1889 556,1900 1306,1893"/>
        <TextEquiv>
          <Unicode>zu wundern, wenn Chriſtus mit ſeiner göttlich reinen heiligen Lehre die</Unicode>
        </TextEquiv>
      </TextLine>
      <TextLine id="eSc_line_151b9b77" >
        <Coords points="35,1947 35,1897 148,1908 374,1902 442,1900 444,1900 444,1900 446,1900 457,1902 492,1910 692,1906 843,1902 845,1902 845,1902 845,1902 874,1908 899,1914 1309,1914 1309,1953 1306,1966 463,1974 461,1974 33,1959"/>
        <Baseline points="35,1947 1309,1953"/>
        <TextEquiv>
          <Unicode>Zielſcheibe ewigen Widerſpruches iſt. Wenn es auf die Gelüſte unſeres</Unicode>
        </TextEquiv>
      </TextLine>
      <TextLine id="eSc_line_9a539cce" >
        <Coords points="37,1999 37,1962 775,1968 796,1966 856,1957 856,1957 858,1957 858,1957 963,1966 984,1968 986,1968 1007,1957 1007,1957 1007,1957 1009,1957 1009,1957 1011,1957 1011,1957 1011,1957 1013,1957 1013,1957 1013,1957 1015,1957 1015,1957 1015,1959 1023,1968 1025,1970 1089,1970 1089,1968 1100,1959 1100,1957 1100,1957 1102,1957 1102,1957 1102,1957 1104,1957 1104,1957 1106,1957 1238,1957 1238,1957 1238,1957 1302,1970 1306,2009 1302,2024 35,2019"/>
        <Baseline points="37,1999 366,2013 1306,2009"/>
        <TextEquiv>
          <Unicode>thörichten Herzens ankäme, ſo wären wir alle lieber Heiden als Chriſten.</Unicode>
        </TextEquiv>
      </TextLine>
      <TextLine id="eSc_line_3fdb3664" >
        <Coords points="39,2055 39,2013 233,2015 233,2015 233,2015 235,2015 235,2015 237,2015 237,2015 252,2026 516,2015 541,2015 543,2015 543,2015 543,2015 545,2015 545,2015 545,2015 548,2015 548,2015 548,2015 560,2026 717,2017 721,2017 723,2017 723,2017 723,2017 725,2017 777,2028 802,2017 802,2017 802,2017 804,2017 804,2017 804,2017 806,2017 806,2017 810,2017 876,2028 1304,2022 1309,2069 1306,2077 796,2088 794,2088 35,2073"/>
        <Baseline points="39,2055 322,2069 1309,2069"/>
        <TextEquiv>
          <Unicode>Das Chriſtenthum muß ſich jedes Menſchenherz erobern und darf dabei</Unicode>
        </TextEquiv>
      </TextLine>
      <TextLine id="eSc_line_e7413a6e" >
        <Coords points="39,2110 39,2071 150,2081 223,2071 227,2071 227,2071 229,2071 246,2071 531,2081 572,2071 576,2071 579,2071 579,2071 581,2071 581,2071 583,2071 583,2071 583,2071 585,2071 585,2071 585,2071 585,2073 587,2073 595,2084 614,2073 614,2073 614,2073 616,2073 616,2073 618,2073 618,2073 618,2073 620,2073 620,2073 620,2073 622,2073 622,2073 634,2084 717,2073 717,2073 717,2073 719,2073 719,2073 719,2073 719,2073 721,2073 756,2084 1306,2075 1311,2123 1306,2137 37,2131"/>
        <Baseline points="39,2110 421,2127 1311,2123"/>
        <TextEquiv>
          <Unicode>keine andere Waffe als die Überzeugung anwenden: weil jede andere</Unicode>
        </TextEquiv>
      </TextLine>
      <TextLine id="eSc_line_67c0f985" >
        <Coords points="39,2166 39,2127 256,2137 270,2129 277,2125 279,2125 279,2125 279,2125 281,2125 281,2125 283,2125 283,2125 283,2125 285,2125 299,2129 330,2139 417,2131 450,2129 450,2129 452,2129 452,2129 479,2133 523,2139 531,2133 537,2127 537,2127 539,2127 539,2127 539,2127 541,2127 541,2127 541,2127 543,2127 543,2127 593,2133 643,2141 680,2135 709,2131 709,2131 711,2131 711,2131 711,2131 713,2131 732,2135 754,2141 891,2139 1174,2131 1176,2131 1309,2146 1311,2183 1306,2203 35,2187"/>
        <Baseline points="39,2166 399,2183 1311,2183"/>
        <TextEquiv>
          <Unicode>Gewalt das Chriſtenthum ſelbſt ſchänden und nur Heuchler machen</Unicode>
        </TextEquiv>
      </TextLine>
      <TextLine id="eSc_line_0060aeb0" >
        <Coords points="39,2222 39,2179 115,2179 115,2179 115,2179 117,2179 117,2179 117,2179 119,2179 142,2191 223,2181 229,2181 229,2181 231,2181 231,2181 231,2181 233,2181 233,2181 235,2181 235,2181 258,2193 554,2187 634,2185 636,2185 672,2187 775,2199 837,2191 868,2187 868,2187 870,2187 870,2187 872,2187 872,2187 872,2187 874,2187 874,2187 878,2191 889,2199 922,2191 938,2189 938,2189 938,2189 940,2189 940,2189 942,2189 957,2193 994,2201 1040,2193 1073,2189 1073,2189 1075,2189 1075,2189 1135,2195 1207,2203 1306,2199 1309,2243 1304,2261 1230,2253 1182,2259 1158,2263 1158,2263 1155,2263 1155,2263 1155,2263 1153,2263 1153,2263 1143,2259 1124,2251 1110,2259 1104,2261 1104,2261 1104,2261 1102,2261 1102,2261 1102,2261 1100,2261 1100,2261 1073,2257 1019,2251 916,2255 823,2259 820,2259 820,2259 820,2259 818,2259 818,2259 818,2259 816,2259 816,2259 816,2257 812,2253 808,2249 800,2253 787,2259 787,2259 787,2259 785,2259 785,2259 783,2259 405,2255 405,2255 308,2245 285,2243 270,2245 208,2253 208,2253 206,2253 206,2253 206,2253 204,2253 204,2253 204,2253 202,2253 202,2253 192,2243 188,2241 37,2241"/>
        <Baseline points="39,2222 479,2241 1309,2243"/>
        <TextEquiv>
          <Unicode>würde. Hat nun auch das Chriſtenthum unſere Vernunft überzeugt,</Unicode>
        </TextEquiv>
      </TextLine>
      <TextLine id="eSc_line_90f3fed0" >
        <Coords points="43,2278 43,2237 175,2237 175,2237 175,2237 177,2237 177,2237 177,2237 179,2237 202,2249 324,2241 324,2241 326,2241 326,2241 326,2241 423,2251 564,2243 587,2243 589,2243 589,2243 589,2243 599,2243 655,2255 1309,2255 1311,2299 1309,2313 1253,2313 1215,2330 1215,2330 1213,2330 1213,2330 1213,2330 1211,2330 1211,2330 1073,2311 1071,2311 1071,2311 883,2328 880,2328 880,2328 880,2328 878,2328 878,2328 878,2328 843,2309 843,2309 841,2309 647,2325 647,2325 645,2325 645,2325 643,2325 643,2325 643,2325 641,2325 618,2311 589,2323 589,2323 587,2323 587,2323 585,2323 585,2323 479,2313 440,2323 438,2323 438,2323 436,2323 436,2323 436,2323 434,2323 434,2323 434,2323 432,2323 432,2323 432,2321 417,2309 341,2321 341,2321 339,2321 339,2321 339,2321 337,2321 337,2321 337,2321 301,2305 268,2315 266,2315 266,2315 266,2315 264,2315 39,2301"/>
        <Baseline points="43,2278 450,2299 1311,2299"/>
        <TextEquiv>
          <Unicode>ſo bleibt unſer Herz immer noch thöricht: wir ſehen das Beſſere ein und</Unicode>
        </TextEquiv>
      </TextLine>
      <TextLine id="eSc_line_9761e062" >
        <Coords points="80,2328 80,2284 320,2309 322,2334 318,2361 264,2350 204,2359 198,2359 198,2359 196,2359 196,2359 194,2359 194,2359 192,2359 159,2346 78,2354"/>
        <Baseline points="80,2328 322,2334"/>
        <TextEquiv>
          <Unicode>Stimmen. II. 1.</Unicode>
        </TextEquiv>
      </TextLine>
      <TextLine id="eSc_line_061d0b4e" >
        <Coords points="1077,2344 1071,2307 1085,2303 1093,2342 1098,2381 1083,2387"/>
        <Baseline points="1077,2344 1093,2342"/>
        <TextEquiv>
          <Unicode>2</Unicode>
        </TextEquiv>
      </TextLine>
    </TextRegion>
  </Page>
</PcGts>
