1520 2481
800 66 870 134 20
196 157 1472 231 Geiſt und das Herz des Menſchen nicht nur vollkommen bekannt ſind,
200 215 1470 287 ſondern auch angehören. Er discutirt und disputirt nicht: Er ſagt.
202 268 1472 334 Zur Verbreitung ſeiner Lehre wählt Er nicht die Weiſen Roms und
198 326 1474 396 Athens, ſondern arme, unwiſſende Fiſcher, auf daß unſer Glaube
194 386 1474 448 nicht aufgebaut ſei auf menſchliche Weisheit und wiſſenſchaftliche Über⸗
198 442 1476 504 zeugungskunſt, ſondern auf die Kraft Gottes. Und Ihm und ſeinen
200 502 1474 570 unwiſſenden Apoſteln iſt gelungen, was allen Philoſophen nicht ge⸗
200 558 1472 620 lungen war. Jeder Menſch, und wenn noch ſo ſehr verkommen, jedes
200 618 1474 676 Volk, und wenn noch ſo tief geſunken, die ſich dem Chriſtenthum hin⸗
200 671 1474 740 gaben, wurden geheiligt. Chriſto iſt es gelungen, die Menſchen ſo an
198 727 1472 798 ſeine Lehre zu feſſeln, daß Millionen für dieſelbe ihr Blut verſpritzten,
198 781 1474 847 und, was noch unendlich mehr ſagen will, Myriaden einen Gekreuzigten
192 841 1472 905 als ihren Gott und Erlöſer anbeteten, Ihm zu Lieb ihr ganzes Leben
190 899 1472 973 lang alle ihre Leidenſchaften heldenmüthig bekämpften und auf Ihn
192 953 1472 1029 hoffend getroſt und ſelig ſtarben. Die Lehre Chriſti iſt zugleich Das⸗
194 1015 1472 1079 jenige, was die Menſchen am meiſten geliebt und am meiſten gehaßt
194 1064 1335 1137 haben. Freunden und Feinden aber hat ſie nur Gutes gethan.
285 1128 1472 1186 Hier nun die Frage: woher hatte Chriſtus dieſe Lehre? Als Er
190 1178 1474 1252 zum erſten Male in der Synagoge lehrend auftrat, fragten ſeine Mit⸗
194 1240 1476 1302 bürger: Woher hat dieſer ſeine Weisheit, da Er keine Schule beſucht
196 1298 1474 1366 hat? So hat noch nie ein Menſch geſprochen! Dieſe Frage ſteht noch
194 1352 1478 1420 heute unbeantwortet vor allen Denjenigen, welche an die Gottheit
194 1407 1472 1478 Chriſti nicht glauben. Denn wer iſt auf Erden der Lehrer Chriſti
192 1465 1474 1542 geweſen? Wer hat das Chriſtenthum vor Chriſtus gelehrt? In ſeinem
192 1523 1474 1594 Lande hätte Er nur Phariſäer oder Sadduzäer, d. h. Epikuräer, Materia⸗
194 1579 1474 1647 liſten, hören können; Schulen fremder Länder hat Er jedenfalls (das
192 1645 1474 1703 wiſſen ſeine Mitbürger, die Ihn nur in der Werkſtatt ſeines Nährvaters
192 1697 1476 1765 arbeiten geſehen) keine beſucht; und wenn auch, hätte Er in Athen oder
194 1755 1478 1817 Rom das Chriſtenthum gelernt? Lag etwa ſeine Lehre, wie man zu
196 1813 1476 1881 ſagen pflegt, in der Luft? Hat Chriſtus nur den Gedanken ſeiner Zeit⸗
194 1862 1472 1935 genoſſen, dem Zeitgeiſte, Worte geliehen? Woher kam es dann, daß
192 1926 1474 1988 ſeine Lehre bei Juden und Heiden einen ſo furchtbaren Widerſtand
200 1991 1478 2050 fand, daß man dreihundert Jahre lang die Henkerbeile auf den Nacken
200 2048 1478 2104 ihrer Anhänger ſtumpf ſchlug? Chriſtus ſteht allein mit ſeiner Lehre
196 2092 1474 2162 auf Erden, und auf die Frage: Woher hat dieſer ſeine ſo heilige,
202 2158 1476 2224 menſchenfreundliche, unzerſtörbare, menſchenerlöſende Lehre? gibt es heute
202 2210 1474 2278 noch keine andere genügende Antwort als jene, die Er ſelber gegeben:
198 2253 1474 2350 Ich habe meine Lehre vom Himmel auf die Erde gebracht, und Jeder,
