1520 2481
808 2 868 124 34
289 163 1474 225 Aus einem andern Grunde, erwiedert man, wird dieß erheiſcht;
200 217 1474 289 gegen die Souverainetät und Würde der Staatsgewalt verſtößt es, daß
200 272 1480 345 „das Haupt“ einer Corporation ganz ſelbſtſtändig Befehle ertheilt.
287 337 1474 401 Ja wohl, wenn Souverainetät einerlei iſt mit einem Abſolutismus,
202 386 1474 461 der keine freie, unabhängige Perſönlichkeit neben ſich dulden kann. Doch
202 444 1472 508 dann wäre es am Ende gleichfalls mit der Souverainetät unverträglich,
200 496 1478 574 daß dem „Haupte“ einer Familie das Recht zuſtehe, Befehle an ſeine
206 562 1480 634 Angehörigen zu erlaſſen, oder daß es neben dem Souverain des einen
202 618 1478 686 Landes noch in andern Staaten Souveraine gebe. Wer aber die Sou⸗
202 667 1480 738 verainetät auffaßt als das, was ſie iſt, als eine in ihrer Sphäre
200 723 1480 795 höchſte und unabhängige Gewalt, wird zugeben, daß neben
200 789 1478 849 einem politiſchen Souverain ſehr wohl die Freiheit und Unabhängigkeit
194 839 1478 917 der Kirche in der ihr eigenen Sphäre, in der Verwaltung aller ihrer
204 895 758 967 Angelegenheiten exiſtiren kann.
289 959 1480 1025 Wie man übrigens auch über die Fortdauer des ſtaatlichen Rechtes
200 1011 1480 1075 zur Placetirung kirchlicher Erlaſſe denken mag, die Übung dieſes Rechtes
200 1073 1478 1137 iſt heutzutage unnütz. Denn der Staat kann bei der gegenwärtigen
206 1120 1480 1192 Publicität unmöglich verhindern, daß die nicht placetirten Verordnungen
204 1188 1478 1246 zur Kenntniß der Gläubigen gelangen, und dann dieſelbe moraliſche
202 1236 1476 1308 Macht auf dieſe ausüben, als wenn ſie placetirt wären. Höchſtens wer⸗
202 1296 1478 1364 den aus dem Feſthalten am Placet ſich Chikanen für die Kirchenfürſten
202 1354 1480 1418 ergeben, und ich denke, die Regierungen hätten jetzt, wo die Grundfeſten
202 1407 1480 1480 der ſocialen Ordnung wanken, etwas Beſſeres zu thun. Völlig illuſo⸗
206 1469 1480 1536 riſch aber wäre der Wahn, man könne die Kirche durch das Placet jetzt
198 1525 1480 1596 noch bevormunden. „Aus der Erkenntniß,“ ſagt der nichts weniger als
202 1585 1480 1645 ultramontane Dr. Meyer, „daß, weil aus der Religion die Kirche natur⸗
204 1641 1478 1697 gemäß hervorgeht, Freiheit der Gewiſſen auch Kirchenfreiheit fordere,
202 1685 1480 1755 hat ſich im Laufe der Zeit eine Umgeſtaltung des Verhältniſſes zwiſchen
202 1753 1478 1811 Kirche und Staat ergeben, und der Weg (den die mit dem Febronianis⸗
202 1811 1480 1877 mus begonnene Entwickelung genommen) hat dahin geführt, daß kaum
204 1862 1480 1928 Jemanden mehr in den Sinn kommt¹, der Staat könne noch
202 1916 1480 1995 unternehmen wollen, die kirchlichen Verhältniſſe ſeiner katholiſchen Unter⸗
194 1976 566 2040 thanen zu regieren.“
287 2028 1482 2104 Wir freuen uns, den letzten Theil unſeres Artikels durch eine für
200 2090 1350 2172 die Gegner völlig maßgebende Auctorität bekräftigen zu können.
277 2220 1474 2286 ¹ Wir nehmen natürlich Tit. Auguſtin Keller ſammt den radicalen Diöceſan⸗
208 2274 715 2344 ſtänden des Bisthums Baſel aus.
