1520 2481
694 2 752 107 37
88 136 1362 217 Aber trotzdem führt der um ſich freſſende Unglaube täglich der ſocialen
86 196 1362 266 Revolution ein größeres Menſchenmaterial zu, während die noch geſunde
86 248 1360 332 Maſſe ſich gleichgültig gegen die Wechſelfälle des aufgezwungenen pie⸗
84 314 1362 390 monteſiſchen Staates verhält. Hiezu kommt noch, daß die Revolution
84 363 1362 446 niemals ſtille ſteht, ſondern jede von ihr geſtiftete Regierung wohl oder
84 427 1360 502 übel vorandrängt, daß die von oben herab lange genug ausgeübte Con⸗
82 475 1360 560 ſpiration den Geiſt der Empörung endemiſch macht und bei dem liſtigen,
86 541 1362 611 verſchwiegenen, zum Geheimthun geneigten Nationalcharakter ſtarke An⸗
86 587 504 661 knüpfungspunkte findet.
169 649 1364 723 So erklärt es ſich, warum die ſocialiſtiſchen Gedanken in Italien,
90 707 1364 789 wenn auch vorderhand nicht die beſte Organiſation, doch einen üppigen
88 760 763 835 Boden zum Gedeihen gefunden haben.
169 820 1366 891 In der Geſchichte des neueren Socialismus auf der Apennin⸗Halbinſel
90 874 1364 951 laſſen ſich drei Perioden unterſcheiden: 1) Die Vorbereitung der Inter⸗
90 942 1364 1004 nationale in den Mazzini'ſchen Arbeitervereinen; 2) die Einführung der
90 992 1364 1064 Internationale; 3) der Congreß der Socialiſten zu Rom im Herbſte 1871.
175 1056 1366 1120 1. Die Arbeitervereine Mazzini's (società operaie) wurden
93 1106 1369 1182 im Anfange der fünfziger Jahre geſtiftet und verbreiteten ſich als Ge⸗
90 1159 1371 1234 heimbünde bald über ganz Italien. Sie verdanken ihre Entſtehung dem
90 1217 1369 1302 Bedürfniſſe, im gegebenen Augenblicke über eine große Anzahl von Fäuſten
90 1275 1371 1354 verfügen zu können, während der Agitator ſelbſt gemüthlich ſeine Cigarre
93 1331 1364 1407 raucht. Ihre Tendenz ſpricht ſich am deutlichſten in den Worten aus,
93 1389 1369 1463 welche Emilio Visconti⸗Venoſta, damals Mazzini's Freund, gegenwärtig
93 1445 1369 1523 Miniſter des Auswärtigen bei Victor Emmanuel, im Winter 1851—52
93 1501 1369 1575 in einem Lauſanner Blatte veröffentlichte: „Nieder mit der Monarchie!
88 1556 1373 1643 Nieder mit dem Papſtthume! Hinweg mit den Privilegien, mögen ſie
93 1618 1373 1695 welchen Namen immer haben! Hinweg mit jeder Auctorität, die nicht
95 1670 1371 1744 gutgeheißen und allgemein iſt; die Menſchheit iſt ſich ſelbſt allein Fürſt
97 1726 1375 1809 und Papſt; Jedermann beſitzt in ſich die geiſtliche Macht ... Erſchließen
95 1788 1375 1869 wir die Herzen dem heiligen Enthuſiasmus der allgemeinen Emancipa⸗
97 1844 1375 1926 tion ... Auf der einen Seite Lüge und monarchiſche Übermacht, auf der
99 1904 1375 1978 anderen Seite das Recht und republikaniſche Aufopferung: dieß iſt das
99 1959 1375 2036 Schauſpiel, welches Europa uns heute bietet ... Italien muß ſich in
101 2017 1375 2092 das Handgemenge ſtürzen und ſeine Stimme mit der Stimme des Jahr⸗
99 2065 1377 2146 hunderts vereinen ... Ein ſacrilegiſcher Act wäre es, ſich im Namen
101 2127 1377 2210 irgend einer mattherzigen Klugheit, oder im Namen irgend einer thörichten
99 2185 1377 2261 Kenntniß der Intrigue von der Univerſaldemokratie zu trennen. In
105 2245 1377 2328 unſerer Lage würden Mäßigung und Transactionen einem Verrath an
