1520 2481
808 51 868 115 38
204 155 1472 217 der allgemeinen Sache gleichkommen. Der conſtitutionelle Despotismus,
198 200 1472 272 welcher dem öſterreichiſchen Despotismus in gar Nichts nachſteht, würde
200 260 1472 332 uns von der Wahlſtatt entfernen, wo die wahre Schlacht unſerer Zeit
196 320 1472 388 geliefert wird!“¹ — Über die Organiſation dieſer Arbeitervereine und
200 368 1472 440 den Antheil derſelben an den politiſchen Wirren der Halbinſel läßt ſich
204 427 1474 500 bei dem Dunkel des Geheimniſſes nicht leicht etwas Sicheres ſagen.
204 489 1472 554 Jede bedeutendere Stadt hatte ihren Mazzini'ſchen Arbeiterverein; jedoch
200 539 1472 609 waren ſie am zahlreichſten im Genueſiſchen, Mailändiſchen und zu Pa⸗
202 595 1478 665 lermo. In letzterer Stadt wurde 1863 der zehnte Congreß italieniſcher
198 653 1472 725 Arbeiter gehalten, und auf demſelben eine Commiſſion zur Entwerfung
198 709 1472 785 von Statuten für einen allgemeinen italieniſchen Arbeiterverein ge⸗
198 764 1474 833 wählt. Wie wir ſchon früher einmal erwähnten, betheiligte ſich Mazzini
200 827 1476 899 bei der Zuſammenkunft in Martinshall zu London am 28. Sept. 1864
202 891 1478 959 und ſuchte ſich Einfluß auf die Leitung der damals gegründeten Inter⸗
204 938 1476 1013 nationale zu verſchaffen, was ihm durch die Bemühung des K. Marx
202 992 1472 1070 gründlich vereitelt wurde. Anderes war bei dem principiellen Unter⸗
204 1060 1478 1124 ſchiede der beiderſeitigen Beſtrebungen gar nicht zu erwarten; während
206 1116 1476 1172 nämlich Mazzini „durch die Freiheit zur Gleichheit“ gelangen
200 1159 1478 1236 will, iſt der Grundſatz der Internationale: „durch die Gleichheit
202 1215 1476 1290 zur Freiheit.“ — Man wollte wiſſen, daß Mazzini auch in den
200 1275 1412 1341 Reihen des Heeres nicht ohne Erfolg um Anhänger geworben habe.
293 1335 1478 1403 2. Die Einführung der Internationale in Italien fällt
204 1389 1478 1461 in die Jahre 1866 und 67. Ein Centralrath der Arbeiterverbindungen
202 1445 1476 1519 war in Mailand gegründet, als Abgeordneter desſelben erſchien Kaſpar
208 1513 1478 1577 Stampa auf dem Congreſſe zu Lauſanne 1867. Eugen Dupont meldete
208 1563 1480 1629 in ſeinem Berichte an den Congreß, daß regelrechte Sectionen zu Neapel,
206 1622 1478 1678 Mailand und Genua beſtehen, und in Correſpondenz mit dem Londoner
202 1674 1478 1747 Generalrathe ſeien. Aber die politiſche Lage des italieniſchen Staates
206 1738 1478 1800 und der Mangel jeglicher Initiative von Seiten der ſchon errichteten
208 1796 1474 1858 Localvereine ſtand einer weiteren Verbreitung zur Zeit noch im Wege.
210 1848 1478 1920 Jedoch konnte E. Dupont, welcher die Socialdemokraten von Neapel
202 1900 1474 1978 auf dem nächſtjährigen Congreſſe in Brüſſel vertrat, ſchon beſſere Nach⸗
204 1964 1468 2034 richten geben. Auch die Geſellſchaft der „Söhne der Arbeit von Catania“
204 2017 1478 2092 hatte bereits am 27. Auguſt des nämlichen Jahres 1868 einſtimmig
206 2079 1480 2152 ihren Beitritt zur Internationale erklärt und den Doctor Xaver Friſica
202 2129 1478 2214 nach Brüſſel abgeordnet; das Beitrittsſchreiben ſchloß mit den Worten:
279 2251 1176 2325 ¹ S. Genfer Corr. Nr. 177 f. vom 16. u. 19. Nov. 1871.
