1520 2481
827 2 887 121 42
308 157 1491 223 Die Maßregel gegen die Häupter zu Neapel ſcheint weniger Erfolg
213 208 1491 279 gehabt zu haben, als das Manifeſt aus Genf. Wenigſtens blühte die
219 277 1491 334 Section Neapel üppig weiter, ſo daß die löbliche Polizei am Sonntage
217 330 1491 390 den 20. Auguſt 1871 wieder in dieſer Stadt einſchreiten durfte, wobei
217 380 1488 456 ſie ſich der Entdeckung hochwichtiger Papiere rühmte. Daß die Gefahr
215 450 1491 508 weder eingebildet noch unbedeutend war, iſt aus der Gazetta del po⸗
213 504 1493 568 polo di Firenze zu entnehmen, welche damals berichtete: „Nach ſicheren
215 552 1493 626 amtlichen Erhebungen haben die bei den Proconſuln der Internationale
213 609 1491 688 zu Neapel confiscirten Papiere dahin geführt, eine Ausdehnung des
217 669 1493 733 Bundes zu entdecken, die hinreiche zur Bemeſſung der Gefahr. Die
215 727 1491 793 ſchreckliche Verbindung hat unter uns noch nicht tiefe Wurzeln geſchlagen,
210 781 1488 853 zählt aber doch ſchon 10,000 Affiliirte, d. h. mehr als genug Leute,
213 849 1488 911 um das Land zu alarmiren und die Propaganda zu unterhalten. Das
213 897 1486 957 Übel iſt anſteckend und wenn die Arznei nicht raſch kommt, werden wir
210 951 1486 1021 bald die Wirkungen der Seuche erleben. Die Regierung weiß ferner, daß
204 1011 1491 1083 das Centralcomité (beſſer: der Generalrath) zu London ſehr thätige Ge⸗
217 1064 1491 1130 ſchäftsführer nach Italien ſandte, die ſich mit voller Kraft anſtrengen,
213 1114 1491 1182 um Proſelyten zu machen und das neue Licht in der Finſterniß unſerer
213 1170 707 1238 Barbarei auszubreiten.“ —
297 1230 1491 1298 Die Section Neapel wurde aufgelöst. Die Mitgliederliſte, welche
213 1288 1486 1356 den Behörden in die Hände fiel, erleichterte die Verhaftung der Häupter
213 1341 1486 1410 und wurde nebſt den Londoner Brandſchriften dem Gerichte zur Ein⸗
213 1397 792 1474 leitung des Proceſſes übergeben.
297 1465 1488 1529 Um dieſelbe Zeit wurde auch in Florenz eine Razzia gehalten.
215 1513 1491 1583 über die Hausſuchung beim Doctor Luigi Caſtellazzo, dem Präſidenten
213 1571 1493 1649 der dortigen Section, und beim berüchtigten Martinati, dem Mitſchul⸗
213 1639 1486 1705 digen Lobbia's und des Garibaldianers Socci, ſagt die officiöſe Opi⸗
213 1685 1486 1759 nione (Nr. 238): „Wie man mir verſichert, wurde außer mehreren ge⸗
213 1742 1488 1817 druckten Exemplaren der Statuten jener Verbindung auch ein Namens⸗
213 1800 1488 1883 verzeichniß ſämmtlicher Mitglieder ſequeſtrirt. Etliche derſelben gehörten
208 1862 1486 1931 ehemals zum garibaldianiſchen Leichenverein (società di mutua ono⸗
210 1920 1484 1980 ranza funebre fra i reduci delle patrie battaglie), Andere zu der
210 1968 1478 2040 ſogen. Geſellſchaft der Freidenker (societa dei liberi pensatori).“ —
210 2032 1484 2100 Wir bedauern, daß die Regierung auf ſolche Weiſe ihren Schooßkindern
206 2084 663 2154 in's Auge greifen mußte.
297 2141 1484 2218 Bald darauf berichteten die öffentlichen Blätter von Gründung einer
210 2197 1486 2265 internationalen „Verbindung“ zu Turin am 8. October 1871. Da wir
213 2268 1486 2344 aber nicht glauben können, daß daſelbſt nicht wenigſtens eine Section
