1520 2481
686 2 754 130 43
93 144 1358 208 ſchon längſt beſtand, ſo iſt wohl eine Föderation gemeint, unter welcher
84 198 1207 281 die einzelnen Sectionen des nordweſtlichen Italiens ſtehen¹. —
171 270 1356 328 Da es den Socialdemokraten der Halbinſel bei den beſtehenden Ge⸗
88 316 1358 386 ſetzen und der Gegnerſchaft des begüterten Liberalismus wenig räthlich
86 372 1358 444 erſcheinen mag, aus ihrem Halbdunkel an's volle Tageslicht zu treten,
86 434 1360 506 ſo können wir nähere Angaben über Organiſation, Thätigkeit und Mit⸗
84 487 624 552 gliederzahl nicht wohl machen.
173 543 1358 611 Soviel jedoch ſcheint feſtzuſtehen, daß die italieniſche Internationale
88 599 1358 667 ſeit dem ſchuldvollen 20. September 1870 ihren Mittelpunkt in's un⸗
86 653 1360 731 glückliche Rom verlegt hat, wo ſie von der Regierung, die in ihr einen
88 711 1362 789 Motor gegen die verhaßten Klerikalen erblickt, weniger zu leiden hat. In
86 769 1358 847 einer Kneipe vor der porta del popolo brüllen die Beglücker der Menſch⸗
86 829 1358 895 heit ihre Evviva auf das Petroleum, woher ſie den Spottnamen petro⸗
86 878 1360 959 lieri erhielten, über welchen ſie nicht einmal ſonderlich böſe ſind. Die
86 942 1362 1008 zahlreichen antitheiſtiſchen Bünde, welche man in die beſchoſſene Haupt⸗
86 1000 1362 1075 ſtadt der katholiſchen Welt zur Freude der Hölle importirt hat, übten
84 1058 1360 1132 den umfaſſendſten Werberdienſt und würden, wenn die Schale des gött⸗
86 1116 1360 1186 lichen Zornes ſich ganz ergießen ſollte, in Vereinigung mit den petro⸗
86 1170 1195 1244 lieri die längſt ausgeſtoßenen Drohungen verwirklichen helfen.
169 1226 1362 1296 Eine dieſer antitheiſtiſch⸗demokratiſchen Verbindungen, la società
88 1279 1356 1356 Alfieri, hat es ſich zum Ziele geſetzt, die Reaction gegen den heutigen
88 1339 1360 1416 Zuſtand Roms mit allen Mitteln niederzuſchlagen. Dem Osservatore
93 1397 1360 1461 Romano war ein gedrucktes Formular der Statuten zugekommen, welches
93 1455 1362 1521 er in Nr. 198 veröffentlichte. Es möge uns geſtattet ſein, aus demſelben
88 1505 682 1587 einige wenige Artikel auszuheben.
161 1579 1362 1643 „3. Jeder Genoſſe muß zur Grundlage ſeiner politiſchen Principien die nationale
93 1627 1360 1693 Einheit, ſeiner religiöſen Principien den freien Gedanken haben, oder einer beliebigen
90 1672 986 1734 den Katholicismus bekämpfenden Religionspartei angehören.
163 1722 1364 1778 4. In der Politik muß man die Pflicht einer Allianz zwiſchen Deutſchland und
93 1761 1362 1821 Italien aufrecht halten, verbreiten und weiter fördern; in Sachen der Religion auf
90 1804 1294 1875 jede Weiſe den Katholicismus bekämpfen, indem man den Proteſtantismus ſtützt.
163 1848 1364 1916 5. Vertheidigen und erſtreben muß man die Abſchaffung des Papſtthums und
99 1895 1358 1974 die Entfernung des Papſtes von Rom, ebenſo daß den Prieſtern alle bürgerlichen
95 1933 477 2009 Rechte genommen werden.
155 2028 1369 2094 ¹ Dieß erhellt auch aus ihrem Namen „Federazione operaia di Torino, ade⸗
95 2079 1364 2152 rente ai principii dell' Internazionale“. Ihre erſte That gleich nach der Conſti⸗
99 2123 1358 2195 tuirung war ein telegraphiſcher Gruß an Garibaldi. S. Civ. Catt. vom 4. Nov.
95 2168 1366 2237 1871, p. 356. Die furchtbaren und unaufhörlichen Feuersbrünſte in Oberitalien
97 2208 1371 2305 werden nicht ohne Grund mit der Thätigkeit der Socialiſtenbünde in Beziehung
95 2255 221 2317 gebracht.
