1520 2481
796 62 856 132 44
188 194 1325 260 derſelbe förmlich erklärt iſt, auf das Feld der Action ſich begeben, indem ſie
254 159 1464 217 6. Im Falle eines Krieges mit dem Auslande muß die Geſellſchaft, bevor noch
258 250 1275 305 a) möglichſt viele Kirchen und beſonders den Vatican niederbrennt;
258 293 1466 353 b) alle Prieſter und alle Jene, welche der Nation offenbar feindliche Geſinnungen
192 345 721 403 hegen, zur Auswanderung nöthigt;
256 380 1460 440 c) die Maſſen zu den geſchichtlichen Traditionen der ſicilianiſchen Veſper erweckt.“
277 434 1468 502 Dieſe Petroleumpläne ſind nicht etwa ein Hirngeſpinnſt oder Aus⸗
192 500 1468 564 geburten verbrannter Köpfe; von Zeit zu Zeit kehren ſie, bald feiner,
188 547 1468 618 bald gröber, in der Journaliſtik der Fortſchrittspartei zu Rom (Tempo,
190 611 779 684 Capitale, Ciceruacchio) wieder.
277 669 1470 731 3. Der Socialiſtencongreß zu Rom vom 1.—7. November
194 717 1470 787 1871. Mazzini und Garibaldi waren bisher, wie man bei Concurrenten
194 777 1470 855 gewohnt iſt, je nach Bedürfniß bald Freunde, bald Feinde. Der Erſt⸗
196 833 1472 905 genannte erkannte in ſeinem zeitweiligen Gegner einen „Mann mit dem
196 889 1470 969 Herzen eines Löwen, aber dem Kopfe eines Eſels“; Garibaldi dagegen
196 951 1472 1027 warf ſeinem Mitwerber Phantaſterei, Träumerei, undurchführbare Theo⸗
198 1011 1472 1070 rien vor und pochte ihm gegenüber nicht wenig auf ſein militäriſches
198 1066 1476 1135 Dilettantenthum. Seit der Pariſer Commune waren ſie gründlich ent⸗
198 1120 1472 1188 zweit. Dieſelbe bot ſchon vor dem Ausbruche der offenen Empörung
202 1182 1472 1240 dem Helden zweier Welten das Obercommando in der Seineſtadt an,
200 1226 1468 1304 worauf er aus Caprera vom 10. März 1871 (Opinione n. 72, 13. März)
198 1294 1476 1350 antwortete: „Sagen Sie den Pariſern, daß ich am Tage, wann ſie den
200 1348 1474 1412 Boden ihres wunderſchönen Vaterlandes von der Peſt des Despotismus
200 1405 1476 1476 und der Prieſter befreien wollen, bei ihnen ſtehen werde; und daß ich
204 1465 1478 1527 ſie inmitten ihrer Unfälle nur deſto mehr liebe.“ Acht Tage nach dem
204 1525 1480 1589 Ausbruche der Feindſeligkeiten bot ihm die Commune Gelegenheit, ſein
202 1571 1478 1643 Wort einzulöſen; aber da ihm ſtatt der geträumten großbortigen Dic⸗
202 1633 1480 1697 tatur nur die ſchmächtige Triumviralwürde eines Obercommandanten
204 1695 1480 1755 der Nationalgarde angetragen wurde, ſo entſchuldigte er ſich unter dem
198 1738 1480 1811 28. März (Opinione n. 100, 11. Apr.) mit den Worten: „Dank für
206 1806 1480 1873 die Ehre meiner Ernennung zum Commando der Pariſer Nationalgarde,
206 1856 1484 1933 welche ich liebe, und deren Ruhm und Gefahren ich mit Stolz theilen
204 1916 1482 1984 würde. Aber ich muß euch die folgenden Betrachtungen vortragen. Ein
206 1978 1486 2040 Commandant der Pariſer Nationalgarde, ein Commandant des Pariſer
204 2026 1486 2106 Heeres und ein oberleitendes Comité ſind drei Gewalten, welche in der
206 2086 1486 2162 gegenwärtigen Lage Frankreichs ſich nicht zuſammenfinden können. Der
208 2137 1486 2212 Despotismus hat vor euch den Vortheil der Concentration der Gewalt,
204 2197 1484 2276 und eben dieſe iſt es, was ihr eueren Feinden entgegenſtellen müßt.“
210 2263 1488 2342 Der Held von der Ziegeninſel räth alſo zur Dictatur. Aber woher
