1520 2481
659 2 730 136 49
148 159 1340 215 Der ſechstägige Congreß wurde am erſten November 1871 im Ball⸗
68 202 1340 277 ſaale Padiglione di flora vor Porta del popolo eröffnet. Ein großer
68 262 1338 332 Theil der Discuſſion drehte ſich um die bisher beſprochenen Schwierig⸗
70 316 1342 390 keiten zwiſchen den beiden Hauptparteien, von welchen ſchließlich die
70 370 1340 444 Mazzini's die Oberhand gewann. Wir wollen den Leſer nicht mit Auf⸗
68 434 1342 508 zählung der einzelnen Reſolutionen ermüden; nur die eine mit Accla⸗
72 487 1342 564 mation angenommene iſt für uns von Bedeutung, daß man nämlich
72 549 1344 620 mit allen möglichen Mitteln dahin zielen müſſe, eine Con⸗
72 597 1350 674 ſtituante (Costituente) nach Rom zu verſammeln, welche die
74 659 1346 723 italieniſche Republik auf ſocialer und internationaler
74 713 1348 787 Grundlage proclamiren ſolle. Mit dieſen Worten haben wir
76 773 1348 837 nichts Anderes, als die Fuſion zwiſchen den beiden Alten, Mazzini und
74 831 1348 893 Garibaldi. Wirklich ſchrieb Letzterer von ſeiner Ziegeninſel unter dem
74 889 1348 955 9. November 1871 in ähnlichem Sinne an einen gewiſſen Tallinucci
76 942 1348 1013 mit folgenden Worten: „Ich glaube, daß Mazzini nicht zu Concilia⸗
78 1002 1348 1066 tionen herabſteigen kann (!). Dennoch wird er, unbeſchadet ſeiner Ideen,
78 1056 1348 1135 gewiß mit dem Fortſchritte der menſchlichen Demokratie vorangehen. In⸗
80 1114 1350 1182 folge deſſen dürfen Meinungsverſchiedenheiten, würden ſolche wirklich
78 1172 1348 1242 zwiſchen zwei eigenſinnigen Greiſen (Garibaldi und Mazzini) beſtehen,
80 1230 969 1302 der Entwicklung des Rechtes nicht hinderlich ſein.“
165 1294 1352 1356 Man darf alſo von einem Fiasko des römiſchen Congreſſes durch⸗
80 1343 1350 1418 aus nicht ſprechen; eine Einigung zwiſchen den Hauptparteien iſt erzielt,
86 1399 1356 1469 Mazzini nahm den Socialismus und die Internationalität in ſeine
86 1457 1356 1532 italieniſche Republik auf, Garibaldi gab die berüchtigten Mittel der Pariſer
86 1513 1356 1583 Commune daran: — in allen Wipfeln iſt Ruh. Der Samen iſt ausgeſtreut;
86 1573 1356 1637 wir fürchten, er wird unter der ſüdlichen Sonne nur zu üppig ſproſſen.
167 1633 1356 1697 Was uns noch einige Hoffnung gibt, iſt die katholiſche Geſinnung
86 1687 1360 1759 und die im Grunde katholiſche öffentliche Meinung des italieniſchen
86 1742 1360 1817 Volkes. Zählte doch Garibaldi (5. Aug. 1871) in einem Briefe an die
88 1800 1360 1877 Atenaide Zaira Pieromaldi zu Ravenna, welche ihm das Diplom als
90 1856 1364 1931 Ehrenmitglied der Friedensliga (Associazione cosmico-unitaria contra
90 1914 1358 1986 la guerra e contro il militarismo) zuſandte, unter den ſchlimmen Aus⸗
90 1970 1362 2044 ſichten für ſeine Pläne als Allerſchlimmſtes auf „den Abfall des Bauern⸗
90 2026 1364 2104 ſtandes bei der erſten Umwälzung, alſo eines Standes, welcher den
90 2081 1364 2166 Hauptkern unſeres Heeres bildet¹.“ Dieſem katholiſchen Sinne ent⸗
161 2210 1366 2284 ¹ „Infine peggio di tutto: la defezione del ceto contadino che forma il
93 2257 990 2334 nerbo principale del nostro esercito, al primo rovescio.“
136 2292 374 2373 Stimmen. II. 1.
1131 2319 1151 2375 4
