1520 2481
816 43 885 111 50
204 144 1495 219 ſprechend wird der Arbeiter, Dienſtbote, Arme dort mit jener herzinnigen
210 200 1491 266 Liebe behandelt, die man auch noch in katholiſchen Gegenden Deutſch⸗
213 260 1491 328 lands und in Spanien¹ trifft, und welche der niederen Klaſſe zum Vor⸗
206 316 1493 384 aus die Neigung zum Revoluzzen nimmt, um ſo mehr, da die Induſtrie
210 376 1486 444 noch weniger entwickelt iſt, und der Südländer bei ſeiner Bedürfnißloſig⸗
206 423 1213 500 keit das Drückende ſelbſt geringer Löhne nicht empfindet.
295 489 1493 556 Aber auf der andern Seite haben eben auch die italieniſchen Städte
202 539 1491 614 ihren ſüßen Pöbel; das Land ſeufzt unter einer unbeliebten und koſtſpieligen
208 603 1491 661 Regierung, welche nicht auf eine große und compacte Partei zählen
206 655 1493 721 kann, gegen welche man vielmehr faſt allgemein gleichgiltig iſt; was
206 719 1491 787 deſto größere Gefahr bringt, je heißer dort zu Land die Leidenſchaften
208 779 1486 841 kochen, je mehr ſich die Actionspartei ſeit Jahrzehnten an Verſchwörung
206 835 1486 886 und Umſturz gewöhnt hat. Unter den obwaltenden Umſtänden kann ſo⸗
206 882 1486 955 gar ein kleiner Stein, welcher in's Rollen kommt, zur Lawine anſchwellen.
204 936 1488 1015 Auch der Genfer Congreß 1866 ſchien mit einem feierlichen Fiasko zu
206 1004 1482 1062 endigen, und doch wuchs infolge ſeiner die Internationale ſo gewaltig.
202 1058 1484 1124 Wenn nicht Alles trügt, hat leider der ſocialdemokratiſche Congreß von
202 1101 1482 1178 Rom weſentlich beigetragen zur Feſtigung der Internationale in Italien,
204 1170 1482 1228 zur Präciſirung des Programms und zur Anwerbung neuer Schaaren.
204 1217 1484 1283 Die Leidenſchaft der Hölle drängt den Weltbund gegen Rom, um in
202 1277 1482 1343 ihm nicht bloß einen wankenden Königsthron, ſondern ganz beſonders
204 1337 1484 1407 den Sitz des heiligen Vaters, den Mittelpunkt der katholiſchen Welt, die
206 1389 1482 1453 Stadt der Heiligthümer niederzuwerfen, wenn nicht Gott in erbarmen⸗
200 1455 1480 1532 der Huld die allmächtige Hand über ſeinen Geſalbten und die Gräber
200 1490 622 1591 der Apoſtelfürſten hält.
1131 1554 1395 1641 Pachtler S. J.
657 1761 1025 1856 Die Schulfrage.
829 1937 862 2009 I.
281 2028 1480 2094 Welcher Zukunft geht die katholiſche Kirche in Deutſchland ent⸗
198 2079 1480 2164 gegen? Wird es ihr gelingen, die getrennten Brüder zur Einheit im
270 2199 1474 2286 ¹ Franz Lorinſer, Reiſeſkizzen aus Spanien. Regensburg, Manz. 1855.
194 2253 428 2323 1. Th. S. 97.
