1520 2481
698 66 769 132 53
101 152 1375 227 Lehrers bricht ihren Einfluß; der Pfarrer hat zudem die Kinder nur
103 217 1373 277 wenige Stunden, der Lehrer aber viele Stunden zur Bearbeitung vor
103 272 1377 339 ſich. Von dem alten ſchönen Verhältniß, nach welchem auch der Lehrer
97 324 1375 399 ein Diener der Kirche iſt, wie der Pfarrer, und ſomit Einheit und
99 386 1377 458 Friede in der Gemeinde herrſcht, iſt dann keine Rede mehr. Und was
101 442 1379 506 kann im beſten Falle aus einer ſolchen Erziehung werden, in der die
101 496 1377 570 Auctorität, dieſes wichtigſte Moment der Pädagogik, ſyſtematiſch unter⸗
101 556 1377 620 graben wird? Aber das iſt es ja gerade, was die Gegner wollen: das
99 611 1379 686 Auctoritätsprincip ſchon im Herzen der Kinder vernichten; denn ſie wiſſen
101 676 1379 744 recht wohl, daß in dieſem Princip der ſpecifiſche Unterſchied liegt,
101 725 1377 804 welcher den Katholicismus von den übrigen Religionen und namentlich
105 785 1379 847 vom modernen Aufkläricht unterſcheidet. Der Glaube und die Unſchuld
101 839 1377 911 des Kindes ſind zarte Pflanzen; ein Gifthauch, und ſie ſind oft auf
105 899 1381 973 immer geknickt! Das Verfolgungsſyſtem eines Julianus Apoſtata führt
103 955 1381 1021 ſicherer zum Ziel, als das eines Diocletian; es hat außerdem den Vor⸗
103 1013 1381 1081 theil, daß es ſich heutzutage, wenigſtens im nichtruſſiſchen Europa,
101 1066 1383 1143 leichter als jenes und mit Bewahrung eines gewiſſen Scheines von
103 1130 1381 1201 Humanität und Gewiſſensfreiheit handhaben läßt, daß es ſogar noch
105 1180 1381 1254 den Heiligenſchein eines civiliſatoriſchen Strebens einträgt. — Oder ſind
105 1238 1381 1310 das etwa aus der Luft gegriffene Schreckbilder? Beweiſen nicht Sym⸗
103 1292 1383 1370 ptome, wie der Lehrertag von Linz, was in dieſer Beziehung möglich
105 1350 1385 1424 iſt? Oder war es etwa ein katholiſcher Geiſt, der ſich bei einigen deut⸗
105 1410 1385 1480 ſchen Gymnaſien und Facultäten in den letzten Unfehlbarkeitswirren
105 1461 1385 1542 offenbarte? Schien doch mancherorts neben allem katholiſchen Schein⸗
109 1525 1385 1587 weſen das eigentliche punctum saliens des Katholicismus gänzlich ab⸗
107 1579 1387 1654 handengekommen zu ſein, nämlich die Herzensſtimmung, Alles zu
107 1635 1385 1707 glauben, was Gott geoffenbart hat und weil er es offenbart hat und
107 1693 1381 1765 wie er es uns durch die katholiſche Kirche zu glauben vorſtellt! —
109 1749 1389 1825 Und wenn wir auf das feindliche Lager blicken, ſo ſehen wir dort be⸗
107 1804 1385 1887 reits einen eigenen wohlorganiſirten Verein, welcher ſich die „Befreiung“,
109 1860 1387 1935 das heißt die Entchriſtlichung der Schule zur Aufgabe geſtellt hat¹.
109 1920 1387 1997 Sein ausgeſprochener Zweck iſt, die Jugend von der geiſtigen Knecht⸗
117 1978 1385 2040 ſchaft ererbter Vorurtheile (des Chriſtenthums nämlich) durch voll⸗
111 2034 1389 2110 ſtändig religionsloſe Erziehung zu befreien, mit anderen Worten, à la
111 2092 1391 2166 Rousseau die Kinder als Cretins in religiöſer Beziehung groß werden
111 2146 1389 2234 zu laſſen. In der That, eine eigenthümliche Freiheit! Eine ſolche „Be⸗
202 2263 998 2354 ¹ Vgl. Katholik, Jahrg. 1871, Auguſt⸗Heſt S. 177 ff.
