1520 2481
789 59 856 136 54
184 161 1460 225 freiung“ hat man auch dem Caspar Hauſer verſchafft, indem man ihn
184 217 1457 283 von jeder geiſtigen Erziehung fern hielt; in ſolcher Weiſe hat auch
179 272 1449 332 Italien den heiligen Vater vom Kirchenſtaat „befreit“, und ſo „befreit“
179 322 1457 388 der Bandit die Leute vom Geldbeutel! So alſo möchte man die kom⸗
184 388 1457 448 menden Generationen im Intereſſe der Humanität vom Chriſtenthum
181 436 1457 510 „befreien“, indem man ſie religionslos, oder genauer geſagt, — denn
184 502 1457 566 das iſt des Pudels wahrer Kern — indem man ſie in der Religion
179 558 1455 614 des Antichriſtenthums, in der Verachtung des chriſtlichen Lebens, in
181 603 1455 671 der Läugnung der chriſtlichen Wahrheiten groß werden läßt. Darum
184 674 1455 727 wagt es bereits einer der berühmteſten proteſtantiſchen Canoniſten¹, den
181 727 1451 795 Regierungen zur Maßregelung der „Neukatholiken“ „die Nichtzulaſſung
179 779 1455 845 der Neukatholiken an allen ſtaatlichen und Communalſchulen als Reli⸗
181 833 1455 903 gionslehrer“ vorzuſchlagen! In der That, unſere Gegner haben gut
177 897 1455 971 gerechnet; gelingt es, die Schulen zu entchriſtlichen, ſo ſind die folgen⸗
173 953 670 1019 den Generationen verloren!
264 1002 1453 1073 Aber wie ſoll die Entchriſtlichung der Schule möglich
171 1060 1453 1132 ſein? Die Antwort iſt wiederum ein ganz einfaches Rechnungs⸗Exem⸗
175 1122 1453 1188 pel, welches ſeine praktiſche Brauchbarkeit in letzter Zeit ſchon mehrfach
173 1174 1451 1244 bewährt hat. Das Erziehungsweſen muß der Staatsgewalt, die Staats⸗
175 1230 1453 1300 gewalt aber den Gegnern der Offenbarung zur freien Verfügung ge⸗
173 1285 1451 1360 ſtellt werden, und Alles iſt abgemacht. Es muß alſo erſtens feſtſtehen,
171 1339 1451 1407 daß der Staat mit ſeinen Geſetzen nach Belieben Schulmonopol und
177 1407 1451 1467 Schulzwang einführen kann, ohne ſich irgendwie um die Rechte der
171 1453 1451 1527 Eltern und der Kirche zu kümmern; ſeine unbeſtrittene Befugniß muß
171 1513 1451 1589 es ſein, anzuordnen, daß jedes Kind beſtimmte Jahre hindurch eine
173 1573 1449 1643 Schule beſucht, daß andere Schulen, als die, Staatsſchulen, nicht, oder
169 1631 1451 1701 doch nur nach dem Gutbefinden des Staates zugelaſſen werden; der
167 1685 1447 1757 Staat muß dann ferner die ganze Richtung der Ausbildung, die Schul⸗
165 1740 1447 1815 bücher, und endlich, was die Hauptſache iſt, den Lehrer beſtimmen;
169 1798 1449 1869 kurz das Axiom Dantons muß zur Ausführung kommen: „Die Kinder
167 1856 1447 1928 gehören der Republik, bevor ſie den Eltern gehören.“ Zweitens muß
167 1910 1447 1984 dann eine kirchenfeindliche Partei ſich des Staatsruders bemächtigen,
163 1970 1449 2042 um dem Staate ihre Geſetze zu dictiren, um unter Nichtachtung der
167 2028 1451 2108 ganzen katholiſchen Bevölkerung die annectirten Erziehungsrechte in
241 2183 1447 2239 ¹ Hinſchius: Die Stellung der deutſchen Regierungen gegenüber den Beſchlüſſen
163 2218 1445 2296 des Vaticaniſchen Concils. Berlin 1871, S. 62; vergl. Bd. I. S. 531 dieſer
167 2274 324 2325 Stimmen.
