1520 2481
821 68 883 142 56
299 165 1491 239 Um über den Begriff der Erziehung keinen Zweifel zu laſſen, ſo
215 227 1491 291 erklären wir, daß wir dieſelbe im weiteſten Sinne verſtehen, als die
210 274 1493 347 Leitung der geſammten Ausbildung des Menſchen, der körperlichen wie
213 341 1493 407 der geiſtigen; daß wir ſie verſtehen als Erziehung im engern Sinn
210 399 1493 463 und als den ſie begleitenden Unterricht. Und um von vornherein
215 444 1491 523 Mißverſtändniſſe zu verhüten, fügen wir hinzu, daß die von uns auf⸗
215 506 1493 576 geſtellten Behauptungen und Beweiſe ſich auf die gewöhnlichen Zuſtände
215 566 1493 626 und Fälle, nicht aber auf ganz krankhafte und verkommene ſociale Ver⸗
213 618 1491 688 hältniſſe oder Ausnahmsfälle beziehen; denn wir ſtellen nicht in Abrede,
217 678 1491 750 daß der Staat mitunter bei Vormundſchaften über die Erziehung ver⸗
213 731 1491 806 fügen darf, oder daß die Zuſtände eines ganzen Volkes ſo verrottet,
215 791 1491 864 ſein Charakter ſo indolent ſein kann, daß ſie, wie etwa in einigen Fabrik⸗
213 849 1491 920 gegenden Englands, den Staat zu einem außerordentlichen Einſchreiten,
215 903 1491 977 auch gegen den Willen der Eltern, berechtigen. Wir ſtellen endlich auch
213 971 1491 1031 nicht in Abrede, daß der Staat im Intereſſe der nationalen Bildung
215 1017 1495 1083 ſeine legislatoriſche Thätigkeit hinſichtlich der Erziehung in ähnlicher
215 1079 1495 1135 Weiſe ausüben kann, wie im Intereſſe des National⸗Wohlſtandes hin⸗
215 1126 1495 1192 ſichtlich des Eigenthums, vorausgeſetzt nur, daß er ſich keine Verfügun⸗
210 1188 1495 1263 gen erlaubt, welche allein dem wirklichen Erzieher zuſtehen. Abgeſehen
210 1240 725 1312 alſo hiervon behaupten wir:
304 1294 1495 1366 Wenn der Staat im Widerſpruch mit Kirche und Fa⸗
217 1362 1495 1432 milie über die Jugenderziehung verfügt, ſo begeht er eine
215 1407 1044 1490 dreifache ſchreiende Rechtsverletzung:
301 1469 1495 1544 I. eine Rechtsverletzung gegen die Eltern; denn ihnen, und
217 1527 1495 1594 nicht dem Staate, ſind von Gott die Kinder zur Erziehung übergeben;
213 1581 1497 1658 von ihnen und nicht vom Staate, wird Gott einſt Rechenſchaft fordern
213 1643 740 1713 über die Seelen der Kinder;
297 1703 1497 1769 II. eine Rechtsverletzung gegen die von Chriſtus getroffene
217 1759 1495 1817 Rechtsordnung; denn die Kirche und nicht der Staat hat von
219 1811 1495 1881 Chriſtus die Vollmacht erhalten, Kinder und Erwachſene zu einem
217 1871 750 1939 chriſtlichen Leben zu erziehen;
306 1935 1497 1991 III. eine Rechtsverletzung gegen das hiſtoriſche Recht der
213 1984 1495 2055 Kirche; denn bevor noch einer der modernen Staaten Europa's beſtand,
219 2053 1497 2106 war die Kirche bereits im rechtmäßigen Beſitz des Erziehungsrechtes,
217 2102 1495 2164 der Volksſchule und unzähliger anderer von ihr gegründeter Erziehungs⸗
217 2158 1493 2230 anſtalten; und völkerrechtliche Verträge haben ihr ſpäter auf's Neue
219 2214 696 2284 dieſen Beſitzſtand geſichert.
306 2270 1263 2356 Wir beginnen ſofort den Beweis des erſten Punktes.
