1520 2481
775 107 835 163 62
161 194 1441 264 wahrer Mißſtand ſich zeigte, da iſt zunächſt die Gemeinde, und wo auch
165 256 1443 316 dieſe nicht ausreicht, der Staat zur Einmiſchung verpflichtet und in Folge
165 316 1445 372 deſſen berechtigt; und zwar muß dieſer Mißſtand ein um ſo größerer
165 370 1441 436 ſein, je einſchneidender der Eingriff des Staates iſt, welchen er zu legi⸗
167 425 1445 483 timiren beſtimmt iſt. Zeigen wir die Sache an einem concreten Bei⸗
165 475 1443 549 ſpiel! Es kann vorkommen, daß der Erwerb eines Grundſtückes für
167 533 1443 599 den Bau einer Eiſenbahn durchaus nothwendig iſt; aber der Eigen⸗
163 587 1443 655 thümer weigert ſich, dasſelbe zu veräußern; kann der Staat ihn zwingen?
163 645 1443 715 hat er das Recht zu expropriiren? Allerdings! Denn ohne ein ſolches
169 702 1445 779 Zwangsrecht wäre, wie heute die ſocialen Zuſtände ſind, kein Auskom⸗
167 764 1443 829 men möglich. Ein anderer Fall: In einer Gemeinde liegen die Grund⸗
171 816 1447 886 ſtücke vielfach in weiter Entfernung vom Hauſe des Eigenthümers; ein
167 876 1447 942 allſeitiger Austauſch, eine Verkoppelung, würde erhebliche Vortheile
163 934 1445 1004 bringen. Kann der Staat die Eigenthümer dazu zwingen? Ausnahms⸗
167 998 1445 1058 fälle abgerechnet glaube ich die Frage entſchieden verneinen zu müſſen;
167 1054 1447 1112 ein dringender öffentlicher Mißſtand, dem nicht anders abgeholfen wer⸗
169 1099 1447 1168 den könnte, liegt nicht vor; wem die Entfernung ſeines Grundſtückes
169 1159 1447 1221 läſtig iſt, der wird auf eigene Hand ſchon Mittel finden, dasſelbe auszu⸗
169 1211 1447 1275 tauſchen; Manche aber ziehen vielleicht den Beſitz eines von den Vor⸗
167 1267 1447 1335 eltern ererbten Beſitzthums dem Mehrertrag einiger Thaler vor. Es
169 1331 1447 1393 handelt ſich hier weniger um Abſtellung eines durchaus zu beſeitigenden
171 1391 1447 1453 öffentlichen Mißſtandes, als um Erreichung einiger privatrecht⸗
169 1445 974 1515 licher, nicht gerade nothwendiger Vortheile.
252 1496 1449 1571 Wie ſteht es nun mit der Jugenderziehung? Würde es eine öffent⸗
169 1552 1447 1627 liche Calamität geben, wenn ſich der Staat durch Schulmonopol, durch
169 1610 1449 1685 Schulzwang und ähnliche Zwangsanſtalten hier nicht einmiſchte? Über⸗
171 1674 1447 1734 haupt wenn er ſich nicht als Erzieher gerirte, um den Eltern dieſes
165 1722 1449 1798 Amt ganz oder theilweiſe abzunehmen? Nein; denn es iſt in der Per⸗
167 1786 1449 1856 ſon der Eltern bereits für einen Erzieher geſorgt, und neben Vater
171 1852 1449 1906 und Mutter und den von ihnen etwa beauftragten Gehülfen iſt in der
169 1900 1453 1970 natürlichen Ordnung ein Erzieher nicht nöthig. Die freie Aſſociation
171 1962 1451 2030 der Eltern, die freie Concurrenz Unternehmender wird ſogar für höhere
173 2013 1447 2079 Bildung das Nothwendige leiſten, ohne daß die Polizei nachhelfen muß.
171 2067 1447 2141 Und doch ſteht es auf der andern Seite feſt, daß nichts Geringeres,
169 2127 1447 2199 als ein ſchreiender öffentlicher Mißſtand einen Eingriff legaliſiren könnte,
173 2183 1447 2261 welcher nicht bloß das Vermögen der Einzelnen, ſondern das Liebſte,
171 2249 1449 2317 was er beſitzt, ſeine Kinder, zum Gegenſtand hat. Freilich kann es
173 2299 1451 2379 vorkommen, daß Kinder durch den Tod ihrer Eltern oder deren Gewiſſen⸗
