1520 2481
802 6 870 140 66
202 175 1486 241 zöſiſchem Patriotismus erzogen würden? Das führt uns zum zweiten
202 227 1484 291 Grunde, welcher der Argumentation Trendelenburgs entgegenſteht. Aller⸗
202 289 1486 353 dings mag das Recht auf nationale Einheit dem Staate einen gewiſſen
204 339 1482 415 Anſpruch geben, auf die Erziehung der Jugend einzuwirken; ſo
198 401 1482 463 wird ihm Niemand beſtreiten, daß er in den von ihm ſelbſt
202 448 1482 525 gegründeten Schulen, falls er Niemanden zu deren Be⸗
200 508 1482 580 ſuche zwingt, die Zeit der Schüler durch das Studium der vater⸗
198 566 1484 632 ländiſchen Geſchichte beſonders in Anſpruch nimmt. Was man aber
200 626 1480 694 beſtreiten muß, iſt dieſes, daß das viel intenſivere Recht des Vaters,
200 688 1484 746 die Kinder nach ſeinem Sinn heranzubilden, jenem wirklichen oder
200 740 1484 804 vermeintlichen Rechte des Staates weichen müſſe; und, da ein Kind
202 795 1486 868 eben keine zwei Erziehungen erhalten kann, daß der Staat und nicht
204 858 1486 917 der Vater den Ausſchlag zu geben habe, ob das Kind in deutſchem oder
198 909 1486 984 franzöſiſchem Patriotismus erzogen werden, einen deutſchen oder fran⸗
200 971 1484 1037 zöſiſchen Hauslehrer erhalten ſolle. Dieß zeigt uns den dritten Punkt,
198 1027 1484 1093 welcher an obiger Auseinanderſetzung tadelnswerth erſcheint. Es iſt
200 1087 1484 1151 das Princip, daß irgend welches, z. B. ein nationales Intereſſe, welches
204 1141 1486 1201 ſich als wahre Nothwendigkeit nicht qualificiren läßt, und ſomit den
198 1192 1486 1257 Rückſchluß auf den Willen des Schöpfers nicht geſtattet, als Kriterium
204 1259 1486 1323 für das Vorhandenſein von Rechten benutzt wird. Nein, unſer Argument
198 1306 1484 1381 war nicht folgendes: „Die Eltern haben ein Intereſſe daran, was aus
202 1370 1486 1430 ihren Kindern wird; alſo ein Recht auf ihre Erziehung.“ Hätten wir
202 1422 1484 1496 ſo geſchloſſen, dann möchte man immerhin den andern Schluß uns ent⸗
202 1480 1488 1552 gegenſtellen: „Auch der Staat hat Intereſſe; alſo iſt auch er, wenn
202 1546 1486 1598 auch nicht vor den Eltern, ſo doch mit den Eltern ein berechtigter Factor
202 1598 1491 1668 bei der Erziehung.“ Nein, unſer Argument war dieſes: „Hätten die
202 1654 1486 1718 Eltern keine Erziehungspflicht, ſo hätte Gott ſchlecht für die Kinder
200 1707 1484 1780 geſorgt; das läßt ſich aber nicht annehmen; alſo haben die Eltern zu⸗
198 1765 1486 1829 nächſt eine Erziehungspflicht. Eine Erziehungspflicht kann aber nicht
202 1823 1486 1897 genügend erfüllt werden ohne Erziehungsrecht; alſo haben die Eltern
198 1881 1486 1953 auch ein Erziehungsrecht.“ Nun verſuche man es mit dem Argumente
204 1939 1486 2009 Trendelenburgs; man ſtreife davon ab, was ſich an poetiſcher Auffaſſung
202 1997 1484 2071 dran findet, und ſehe zu, ob in dem juriſtiſchen Kern, der zurückbleibt,
202 2050 1484 2119 noch ein ähnliches oder ſonſt irgendwelches Argument ſich findet, welches
202 2115 1484 2175 den Staat, wenn auch nur concurrirend mit den Eltern, zum Erzieher
202 2172 1486 2243 ſtempelt! Auch bei Trendelenburg ſcheint etwas von der Anſicht mit
204 2222 1484 2301 unterzulaufen, als wären Familie und Einzelne für den Staat, nicht
202 2282 1118 2369 umgekehrt der Staat für jene in's Daſein gerufen.
