<?xml version="1.0" encoding="UTF-8"  standalone="yes"?>
<PcGts xmlns="http://schema.primaresearch.org/PAGE/gts/pagecontent/2019-07-15" xmlns:xsi="http://www.w3.org/2001/XMLSchema-instance" xsi:schemaLocation="http://schema.primaresearch.org/PAGE/gts/pagecontent/2019-07-15 http://schema.primaresearch.org/PAGE/gts/pagecontent/2019-07-15/pagecontent.xsd">
  <Metadata externalRef="http://idb.ub.uni-tuebingen.de/opendigi/image/stml_1872_02/stml_1872_02_00075.jp2/full/full/0/default.jpg">
	<Creator>escriptorium</Creator>
	<Created>2022-02-23T19:09:11.122689+00:00</Created>
        <LastChange>2022-02-23T19:09:11.122704+00:00</LastChange>
  </Metadata>
  <Page imageFilename="74_e3719_default.jpg" imageWidth="1520" imageHeight="2481">
    <TextRegion id="eSc_textblock_d2bfc646"  >
      <Coords points="750,155 694,155 703,107 750,115 750,155"/>
      <TextLine id="eSc_line_bc85da5d" >
        <Coords points="688,150 688,-4 748,-4 748,150 748,167 688,167"/>
        <Baseline points="688,150 748,150"/>
        <TextEquiv>
          <Unicode>69</Unicode>
        </TextEquiv>
      </TextLine>
    </TextRegion>
    <TextRegion id="eSc_textblock_d8afc596"  >
      <Coords points="99,2156 90,1844 157,1809 165,1761 90,1718 82,206 1371,215 1379,2164 165,2181 99,2156"/>
      <TextLine id="eSc_line_b68f3c6c" >
        <Coords points="80,239 80,194 1360,210 1362,248 1360,260 1050,270 1048,270 936,260 922,260 80,260"/>
        <Baseline points="80,239 1362,248"/>
        <TextEquiv>
          <Unicode>Kenntniſſen bedeutet, wäre an der Sache nichts auszuſetzen, als daß es</Unicode>
        </TextEquiv>
      </TextLine>
      <TextLine id="eSc_line_182bde6f" >
        <Coords points="84,297 84,246 157,258 405,250 475,248 477,248 477,248 477,248 479,248 479,248 488,250 510,260 543,252 552,250 554,250 554,250 556,250 556,250 556,250 558,250 566,252 599,260 758,254 897,250 899,250 899,250 901,250 901,250 922,256 938,264 1085,264 1093,260 1112,252 1112,252 1114,252 1114,252 1114,252 1116,252 1358,264 1360,303 1356,314 82,308"/>
        <Baseline points="84,297 1360,303"/>
        <TextEquiv>
          <Unicode>ſich um eine polizeiliche Ueberwachung handelt; ob eine ſolche gerecht⸗</Unicode>
        </TextEquiv>
      </TextLine>
      <TextLine id="eSc_line_2020f111" >
        <Coords points="84,353 84,299 190,312 221,301 221,301 223,301 223,301 223,301 225,301 225,301 225,301 225,301 227,301 227,301 227,301 248,312 390,303 397,303 399,303 399,303 401,303 401,303 444,314 469,303 471,303 471,303 473,303 473,303 473,303 475,303 496,303 608,314 626,305 632,303 632,303 634,303 634,303 634,303 636,303 636,303 639,303 639,303 639,303 645,305 659,314 852,310 1038,305 1040,305 1040,305 1104,314 1145,320 1253,320 1257,316 1263,310 1263,308 1263,308 1265,308 1265,308 1265,308 1267,308 1267,308 1269,308 1269,308 1358,318 1360,361 1358,372 142,374 140,374 140,374 82,361"/>
        <Baseline points="84,353 1360,361"/>
        <TextEquiv>
          <Unicode>fertigt iſt, muß aber nach den ſpeciellen ſocialen Verhältniſſen beurtheilt</Unicode>
        </TextEquiv>
      </TextLine>
      <TextLine id="eSc_line_cd2dc117" >
        <Coords points="84,411 84,357 190,374 353,363 355,363 355,363 355,363 357,363 357,363 357,363 359,363 376,376 492,376 523,361 523,361 525,361 525,361 525,361 527,361 527,361 529,361 529,361 572,376 657,361 659,361 659,361 661,361 661,361 667,361 833,376 957,363 965,363 965,363 967,363 967,363 969,363 969,363 969,363 1005,380 1079,380 1093,365 1093,363 1093,363 1093,363 1096,363 1096,363 1096,363 1098,363 1098,363 1100,363 1143,363 1143,363 1143,363 1145,363 1145,363 1145,363 1147,363 1147,363 1147,365 1147,365 1162,378 1226,365 1240,363 1240,363 1242,363 1356,368 1358,417 1356,434 169,434 167,432 82,419"/>
        <Baseline points="84,411 1358,417"/>
        <TextEquiv>
          <Unicode>werden. Zwang zu einer beſtimmten Erziehung wäre auch dem</Unicode>
        </TextEquiv>
      </TextLine>
      <TextLine id="eSc_line_9e6b49db" >
        <Coords points="86,467 86,419 725,432 994,423 1000,423 1002,423 1002,423 1005,423 1005,423 1046,434 1360,425 1362,475 1358,492 148,487 148,487 148,487 84,475"/>
        <Baseline points="86,467 1362,475"/>
        <TextEquiv>
          <Unicode>Verfaſſer Tyrannei (S. 656); als Strafe für Vernachläſſigung des</Unicode>
        </TextEquiv>
      </TextLine>
      <TextLine id="eSc_line_bd56535c" >
        <Coords points="86,523 88,471 140,487 208,473 210,473 210,473 210,473 213,473 213,473 215,473 304,487 328,475 332,473 332,473 332,473 335,473 335,473 335,473 337,473 337,473 339,473 339,473 339,473 341,473 341,473 341,475 341,475 341,475 355,492 550,492 579,479 583,477 583,477 585,477 585,477 585,477 587,477 614,479 756,492 818,481 841,479 841,479 843,479 843,479 843,479 868,483 934,496 1011,496 1034,485 1052,479 1052,479 1054,479 1054,479 1056,479 1056,479 1056,479 1091,485 1137,496 1187,487 1230,481 1230,481 1232,481 1232,481 1232,481 1234,481 1234,481 1236,481 1249,489 1253,492 1257,489 1275,481 1275,481 1278,481 1278,481 1278,481 1280,481 1280,481 1358,492 1360,533 1356,552 1048,541 953,545 878,549 876,549 876,549 876,549 845,543 814,539 730,543 608,547 605,547 605,547 603,547 603,547 583,539 574,537 471,537 144,543 142,543 142,543 84,531"/>
        <Baseline points="86,523 1360,533"/>
        <TextEquiv>
          <Unicode>Unterrichts glaubt er nur Geldſtrafe anwenden zu dürfen, und zwar</Unicode>
        </TextEquiv>
      </TextLine>
      <TextLine id="eSc_line_49664f9c" >
        <Coords points="86,580 86,533 649,533 649,533 649,533 651,533 651,533 651,533 653,533 653,533 659,539 665,543 690,539 746,533 746,533 748,533 748,533 748,533 750,533 750,533 750,533 752,533 752,533 761,541 765,543 783,541 837,535 837,535 839,535 839,535 841,535 870,543 885,545 903,543 955,535 955,535 957,535 1216,545 1251,537 1253,537 1253,537 1255,537 1255,537 1257,537 1257,537 1257,537 1280,547 1327,537 1327,537 1327,537 1329,537 1329,537 1329,537 1331,537 1331,537 1358,549 1358,591 1356,599 1106,609 1104,609 1104,609 1104,609 1102,609 1102,609 1077,599 1075,599 1052,599 852,607 849,607 849,607 849,607 808,599 798,597 84,597"/>
        <Baseline points="86,580 1358,591"/>
        <TextEquiv>
          <Unicode>auch für den Rückfall nicht über die Höhe des Schulgeldes hinaus.</Unicode>
        </TextEquiv>
      </TextLine>
      <TextLine id="eSc_line_b9725f96" >
        <Coords points="86,638 86,589 595,603 806,593 814,593 816,593 816,593 818,593 818,593 870,605 909,595 912,595 912,595 914,595 914,595 914,595 961,605 980,593 980,593 982,593 982,593 982,593 984,593 984,593 986,593 1220,595 1220,595 1220,595 1222,595 1222,595 1222,595 1224,595 1224,595 1224,595 1224,597 1232,603 1244,595 1244,595 1247,595 1247,595 1247,595 1249,595 1249,595 1251,595 1352,597 1354,649 1350,661 134,659 134,659 134,659 84,647"/>
        <Baseline points="86,638 1354,649"/>
        <TextEquiv>
          <Unicode>Gefängnißſtrafe auch nur zu nennen würde für Frankreich das Geſetz</Unicode>
        </TextEquiv>
      </TextLine>
      <TextLine id="eSc_line_97d17827" >
        <Coords points="86,694 88,642 117,657 626,657 628,702 626,711 223,717 221,717 82,700"/>
        <Baseline points="86,694 628,702"/>
        <TextEquiv>
          <Unicode>unmöglich machen. (S. 654.)</Unicode>
        </TextEquiv>
      </TextLine>
      <TextLine id="eSc_line_343358f3" >
        <Coords points="171,760 173,707 223,719 252,707 256,705 256,705 258,705 258,705 258,705 260,705 260,705 275,707 374,721 465,721 494,705 496,705 496,705 496,705 498,705 498,705 500,705 500,705 502,705 502,705 502,705 504,705 533,721 663,721 690,705 692,705 692,705 692,705 694,705 694,705 694,705 696,705 696,705 696,705 698,705 701,705 746,719 785,709 787,709 787,709 789,709 789,709 868,719 883,707 883,707 883,707 885,707 885,707 887,707 887,707 887,707 889,707 889,707 889,707 891,707 930,719 953,705 955,705 955,705 955,705 955,705 957,705 957,705 959,705 959,705 959,705 961,705 961,705 961,705 998,719 1100,709 1100,709 1102,709 1102,709 1104,709 1104,709 1104,709 1106,709 1106,709 1118,719 1153,707 1153,707 1156,707 1156,707 1158,707 1158,707 1158,707 1160,707 1160,707 1162,707 1182,719 1226,705 1228,705 1228,705 1228,705 1230,705 1364,705 1364,760 1364,783 1263,783 1261,781 1261,781 1259,781 1259,781 1259,781 1259,781 1257,781 1238,769 1220,781 1220,781 1218,781 1218,781 1216,781 1216,781 1216,781 1213,781 1195,781 1017,769 897,769 887,779 885,781 885,781 883,781 883,781 883,781 880,781 880,781 878,781 878,781 878,781 876,781 876,781 868,777 845,769 763,777 717,781 715,781 169,771"/>
        <Baseline points="171,760 1364,760"/>
        <TextEquiv>
          <Unicode>Einen vierten Einwand gegen die von uns vertheidigte Anſicht</Unicode>
        </TextEquiv>
      </TextLine>
      <TextLine id="eSc_line_04fd2a9d" >
        <Coords points="84,810 84,762 179,773 1364,771 1366,816 1364,824 1275,837 1275,837 1273,837 1019,827 955,837 955,837 955,837 953,837 953,837 868,824 829,835 827,835 827,835 827,835 825,835 659,824 649,833 649,835 649,835 647,835 647,835 647,835 645,835 645,835 645,837 514,837 512,835 512,835 510,835 469,822 454,833 452,833 452,833 452,833 450,833 450,833 450,833 448,833 448,833 370,822 159,833 157,833 157,833 157,833 82,818"/>
        <Baseline points="84,810 1366,816"/>
        <TextEquiv>
          <Unicode>könnte man aus der Erfahrung entnehmen wollen, welche zu Gunſten</Unicode>
        </TextEquiv>
      </TextLine>
      <TextLine id="eSc_line_390aa787" >
        <Coords points="86,866 86,816 148,827 175,816 177,816 177,816 179,816 179,816 179,816 181,816 206,816 403,829 417,820 417,818 417,818 419,818 419,818 421,818 421,818 421,818 423,818 423,818 426,818 426,818 426,818 430,820 448,829 481,820 492,818 494,818 494,818 496,818 554,820 670,829 686,822 698,818 698,818 701,818 701,818 703,818 703,818 748,824 802,831 825,824 841,820 843,820 843,820 845,820 845,820 845,820 847,820 864,824 880,831 891,827 903,820 903,820 903,820 905,820 905,820 907,820 1362,833 1364,874 1360,895 1044,884 891,889 756,893 754,893 754,893 752,893 752,893 736,886 723,882 552,884 177,889 175,889 175,889 84,876"/>
        <Baseline points="86,866 1364,874"/>
        <TextEquiv>
          <Unicode>des Schulzwanges ſpreche. Hierauf ließe ſich ſehr Vieles antworten;</Unicode>
        </TextEquiv>
      </TextLine>
      <TextLine id="eSc_line_76f2e18a" >
        <Coords points="86,926 88,874 142,889 488,889 498,878 498,876 498,876 500,876 500,876 500,876 500,876 502,876 502,876 504,876 504,876 504,876 506,876 506,876 506,876 535,889 620,878 620,878 622,878 622,878 624,878 624,878 655,889 969,880 971,880 971,880 971,880 974,880 974,880 974,880 976,880 976,880 988,891 1054,880 1054,880 1054,880 1054,880 1056,880 1056,880 1058,880 1127,891 1151,880 1151,880 1151,880 1153,880 1153,880 1153,880 1156,880 1166,880 1292,891 1358,882 1362,932 1360,951 864,951 862,948 862,948 860,948 860,948 860,948 858,948 858,948 858,948 858,946 847,938 444,946 407,946 405,946 405,946 403,946 403,946 401,946 374,936 84,944"/>
        <Baseline points="86,926 1362,932"/>
        <TextEquiv>
          <Unicode>hier genüge die Bemerkung, daß wir keineswegs jeden Schulzwang</Unicode>
        </TextEquiv>
      </TextLine>
      <TextLine id="eSc_line_7745d85f" >
        <Coords points="88,982 90,930 144,942 293,932 308,932 310,932 310,932 320,932 388,942 423,934 432,932 434,932 434,932 436,932 436,932 436,932 454,934 517,944 748,938 938,934 940,934 940,934 943,934 971,942 992,946 1027,942 1087,936 1087,936 1089,936 1362,948 1364,988 1362,996 88,998"/>
        <Baseline points="88,982 1364,988"/>
        <TextEquiv>
          <Unicode>für verwerflich erklären, ſondern nur den vom Staate einſeitig geübten.</Unicode>
        </TextEquiv>
      </TextLine>
      <TextLine id="eSc_line_9bb425ab" >
        <Coords points="86,1035 86,990 409,1000 608,996 773,992 775,992 775,992 777,992 777,992 777,992 779,992 779,992 779,994 785,998 789,1002 914,1000 1141,994 1143,994 1143,994 1143,994 1145,994 1145,994 1147,994 1147,994 1147,994 1156,1002 1160,1004 1180,1002 1286,994 1286,994 1288,994 1288,994 1366,1006 1366,1044 1362,1056 84,1052"/>
        <Baseline points="86,1035 1366,1044"/>
        <TextEquiv>
          <Unicode>Die Eltern dagegen können ihre Kinder anhalten, in die Schule zu</Unicode>
        </TextEquiv>
      </TextLine>
      <TextLine id="eSc_line_2277d1c6" >
        <Coords points="88,1099 86,1058 639,1058 657,1058 750,1048 752,1048 1358,1058 1362,1095 1360,1106 88,1118"/>
        <Baseline points="88,1099 1362,1095"/>
        <TextEquiv>
          <Unicode>gehen; die Kirche in ihrem Bereiche kann ihre durch die Taufe wieder⸗</Unicode>
        </TextEquiv>
      </TextLine>
      <TextLine id="eSc_line_ca9b667b" >
        <Coords points="88,1151 88,1106 272,1114 285,1106 291,1101 293,1101 293,1101 293,1101 295,1101 295,1101 295,1101 297,1101 297,1101 297,1101 320,1106 363,1116 479,1108 510,1106 512,1106 512,1106 529,1108 599,1118 618,1108 620,1108 620,1108 620,1108 622,1108 622,1108 624,1108 624,1108 624,1108 630,1108 684,1118 769,1110 823,1104 823,1104 825,1104 825,1104 827,1104 827,1104 827,1104 839,1110 858,1120 895,1110 905,1108 907,1108 907,1108 909,1108 909,1108 909,1108 928,1110 986,1120 1000,1110 1007,1106 1009,1106 1009,1106 1009,1106 1011,1106 1011,1106 1013,1106 1013,1106 1073,1112 1166,1120 1178,1112 1182,1108 1182,1108 1184,1108 1184,1108 1184,1108 1187,1108 1187,1108 1189,1108 1360,1114 1362,1161 1358,1176 84,1168"/>
        <Baseline points="88,1151 1362,1161"/>
        <TextEquiv>
          <Unicode>geborenen Kinder anhalten zum Empfange einer chriſtlichen Erziehung</Unicode>
        </TextEquiv>
      </TextLine>
      <TextLine id="eSc_line_15f865ae" >
        <Coords points="88,1207 88,1164 1364,1172 1366,1215 1364,1223 409,1230 407,1230 86,1215"/>
        <Baseline points="88,1207 1366,1215"/>
        <TextEquiv>
          <Unicode>und eines chriſtlichen Unterrichts, und der Staat kann demnach, wenn</Unicode>
        </TextEquiv>
      </TextLine>
      <TextLine id="eSc_line_b3d81e42" >
        <Coords points="88,1265 90,1215 126,1226 674,1223 1046,1221 1048,1221 1048,1221 1050,1221 1050,1221 1050,1221 1065,1228 1073,1234 1369,1234 1369,1273 1366,1290 165,1290 163,1288 163,1288 86,1273"/>
        <Baseline points="88,1265 1369,1273"/>
        <TextEquiv>
          <Unicode>er mit beiden ſich in&#39;s Einvernehmen ſetzt, Zwangsmaßregeln anwenden,</Unicode>
        </TextEquiv>
      </TextLine>
      <TextLine id="eSc_line_b0340474" >
        <Coords points="90,1319 90,1271 157,1283 231,1273 246,1271 246,1271 248,1271 248,1271 250,1271 256,1273 306,1288 612,1288 626,1277 626,1277 626,1277 628,1277 628,1277 628,1277 630,1277 630,1277 632,1277 632,1277 632,1277 634,1277 639,1277 670,1288 705,1279 721,1275 723,1275 723,1275 725,1275 725,1275 725,1275 754,1279 810,1290 841,1281 854,1277 856,1277 856,1277 856,1277 858,1277 858,1277 887,1281 943,1292 996,1283 1015,1281 1015,1281 1017,1281 1017,1281 1017,1281 1019,1281 1019,1281 1025,1283 1046,1292 1067,1283 1081,1279 1081,1279 1083,1279 1083,1279 1085,1279 1362,1290 1364,1331 1360,1345 163,1341 163,1341 163,1341 88,1327"/>
        <Baseline points="90,1319 1364,1331"/>
        <TextEquiv>
          <Unicode>die vielleicht ihren großen Nutzen haben. Aber was wir läugnen, iſt,</Unicode>
        </TextEquiv>
      </TextLine>
      <TextLine id="eSc_line_7e2fc2a4" >
        <Coords points="90,1374 90,1331 161,1341 177,1331 179,1331 179,1331 179,1331 179,1331 181,1331 181,1331 184,1331 184,1331 184,1331 186,1331 186,1331 186,1331 188,1331 206,1341 277,1333 293,1331 293,1331 295,1331 295,1331 295,1331 306,1333 359,1343 438,1333 452,1333 452,1333 454,1333 454,1333 471,1335 539,1343 587,1335 605,1333 605,1333 608,1333 608,1333 608,1333 610,1333 610,1333 618,1335 636,1343 653,1337 661,1333 661,1333 663,1333 663,1333 663,1333 665,1333 665,1333 667,1333 667,1333 678,1337 696,1345 841,1345 849,1339 856,1333 856,1333 858,1333 858,1333 858,1333 860,1333 860,1333 862,1333 1362,1345 1364,1385 1362,1391 1251,1403 1251,1403 1249,1403 996,1393 918,1403 918,1403 916,1403 916,1403 916,1403 914,1403 914,1403 912,1403 912,1403 897,1393 727,1403 725,1403 725,1403 725,1403 723,1403 723,1403 701,1393 684,1403 682,1403 682,1403 682,1403 680,1403 680,1403 680,1405 372,1405 370,1403 88,1389"/>
        <Baseline points="90,1374 318,1385 1364,1385"/>
        <TextEquiv>
          <Unicode>daß der Staat ſelbſtändig, kraft eigenen Rechtes, über die Jugender⸗</Unicode>
        </TextEquiv>
      </TextLine>
      <TextLine id="eSc_line_e156538e" >
        <Coords points="88,1432 88,1385 599,1399 806,1389 814,1389 816,1389 816,1389 816,1389 818,1389 818,1389 858,1401 918,1391 918,1391 920,1391 1162,1393 1162,1393 1162,1393 1164,1393 1164,1393 1191,1403 1364,1393 1366,1443 1369,1453 1348,1465 1346,1465 1346,1465 1344,1465 1344,1465 1344,1465 1342,1465 1211,1455 1160,1465 1160,1465 1160,1465 1158,1465 1158,1465 1158,1465 1156,1465 1122,1455 1023,1463 1023,1463 1021,1463 883,1453 854,1451 849,1453 829,1461 829,1461 827,1461 827,1461 827,1461 825,1461 825,1461 773,1453 761,1451 754,1453 730,1461 730,1461 727,1461 727,1461 725,1461 725,1461 653,1453 634,1451 610,1453 527,1459 525,1459 525,1459 525,1459 523,1459 523,1459 523,1459 521,1459 521,1459 514,1453 510,1449 500,1453 479,1459 477,1459 477,1459 477,1459 475,1459 475,1459 428,1453 405,1449 388,1453 359,1459 357,1459 357,1459 355,1459 86,1451"/>
        <Baseline points="88,1432 1366,1443"/>
        <TextEquiv>
          <Unicode>ziehung verfügen darf. Hören wir hierüber noch kurz zwei Auctoritäten,</Unicode>
        </TextEquiv>
      </TextLine>
      <TextLine id="eSc_line_b9509a25" >
        <Coords points="95,1484 95,1443 186,1457 337,1457 347,1447 349,1445 349,1445 351,1445 351,1445 351,1445 353,1445 353,1445 353,1445 355,1445 355,1445 380,1447 442,1457 485,1449 506,1447 506,1447 506,1447 508,1447 508,1447 510,1447 510,1447 510,1447 512,1447 512,1447 517,1451 527,1457 694,1455 976,1449 978,1449 978,1449 980,1449 980,1449 1011,1461 1011,1498 1007,1517 891,1509 821,1515 765,1519 765,1519 763,1519 763,1519 761,1519 736,1513 709,1507 692,1513 680,1517 680,1517 678,1517 678,1517 678,1519 490,1519 488,1517 411,1507 384,1505 357,1507 258,1515 258,1515 256,1515 256,1515 194,1505 169,1515 169,1515 167,1515 167,1515 167,1515 165,1515 165,1515 90,1501"/>
        <Baseline points="95,1484 345,1498 1011,1498"/>
        <TextEquiv>
          <Unicode>welche Niemand als Ultramontane verwerfen wird.</Unicode>
        </TextEquiv>
      </TextLine>
      <TextLine id="eSc_line_3f632b87" >
        <Coords points="175,1554 177,1503 217,1515 254,1505 256,1505 256,1505 256,1505 258,1505 258,1505 260,1505 306,1515 514,1507 583,1505 585,1505 585,1505 626,1509 696,1515 717,1509 734,1505 736,1505 736,1505 738,1505 738,1505 738,1505 740,1505 740,1505 752,1511 771,1517 787,1511 798,1507 798,1507 800,1507 800,1507 802,1507 802,1507 849,1511 905,1517 934,1513 967,1507 967,1507 967,1507 969,1507 969,1507 971,1507 998,1513 1013,1517 1025,1513 1048,1507 1050,1507 1050,1507 1050,1507 1052,1507 1189,1515 1216,1517 1228,1517 1313,1507 1313,1507 1315,1507 1315,1507 1317,1507 1364,1519 1364,1558 1360,1577 907,1567 889,1571 870,1577 868,1577 868,1577 868,1577 866,1577 866,1577 864,1577 864,1577 864,1577 862,1577 862,1577 862,1575 856,1571 852,1567 823,1571 771,1577 771,1577 769,1577 769,1577 769,1577 732,1569 707,1565 579,1567 254,1575 252,1575 252,1575 171,1560"/>
        <Baseline points="175,1554 1364,1558"/>
        <TextEquiv>
          <Unicode>Verhaegen, der bekannte Großmeiſter der belgiſchen Logen,</Unicode>
        </TextEquiv>
      </TextLine>
      <TextLine id="eSc_line_2e4713fc" >
        <Coords points="93,1598 93,1563 568,1569 585,1567 626,1558 626,1558 626,1558 628,1558 628,1558 630,1558 630,1558 630,1558 632,1558 632,1558 643,1567 649,1571 674,1567 719,1560 719,1560 721,1560 721,1560 787,1569 814,1571 843,1569 938,1560 940,1560 940,1560 1042,1571 1069,1573 1114,1571 1313,1563 1315,1563 1315,1563 1315,1563 1371,1575 1373,1614 1371,1627 1292,1635 1292,1635 1290,1635 1290,1635 1288,1635 1288,1635 1288,1635 1286,1635 1286,1635 1275,1627 1269,1622 1222,1622 1191,1627 1125,1635 1125,1635 1122,1635 1122,1635 1120,1635 1120,1635 1120,1635 1100,1625 1093,1622 1065,1625 982,1633 982,1633 980,1633 980,1633 980,1633 938,1622 930,1622 918,1622 837,1633 837,1633 835,1633 835,1633 833,1633 833,1633 833,1633 814,1622 806,1631 806,1633 806,1633 804,1633 804,1633 804,1633 802,1633 802,1633 802,1635 721,1635 719,1633 719,1633 643,1620 639,1620 636,1620 610,1631 610,1631 608,1631 608,1631 608,1633 392,1633 390,1631 390,1631 388,1631 349,1618 349,1618 349,1618 281,1631 281,1631 279,1631 279,1631 279,1631 277,1631 277,1631 275,1631 275,1631 256,1616 254,1616 93,1616"/>
        <Baseline points="93,1598 434,1614 1373,1614"/>
        <TextEquiv>
          <Unicode>erklärt¹: Der Schulzwang ſei einerſeits ein Stück alter Tyrannei ſchon</Unicode>
        </TextEquiv>
      </TextLine>
      <TextLine id="eSc_line_05194494" >
        <Coords points="95,1654 95,1614 229,1627 512,1618 554,1618 556,1618 593,1620 750,1629 769,1622 779,1618 779,1618 781,1618 781,1618 783,1618 783,1618 783,1618 785,1618 800,1622 823,1629 831,1622 837,1618 839,1618 839,1618 839,1618 841,1618 841,1618 843,1618 947,1618 947,1618 947,1618 949,1618 949,1618 967,1625 986,1631 1021,1625 1054,1620 1054,1620 1056,1620 1369,1631 1371,1672 1364,1691 1342,1680 1143,1689 1052,1691 1050,1691 1050,1691 1013,1687 959,1678 916,1685 887,1689 887,1689 885,1689 885,1689 821,1682 761,1678 727,1682 676,1689 676,1689 674,1689 674,1689 674,1689 672,1689 647,1680 636,1678 626,1680 593,1689 591,1689 591,1689 589,1689 324,1687 324,1687 324,1687 322,1687 322,1687 322,1687 320,1687 320,1687 320,1685 310,1676 310,1676 306,1676 213,1687 213,1687 210,1687 90,1672"/>
        <Baseline points="95,1654 320,1670 1371,1672"/>
        <TextEquiv>
          <Unicode>von Sparta her, andererſeits ſei er ein Problem radicaler Oekonomie,</Unicode>
        </TextEquiv>
      </TextLine>
      <TextLine id="eSc_line_c2832e97" >
        <Coords points="95,1711 95,1676 1369,1689 1371,1728 1366,1751 1294,1738 1131,1749 1077,1751 1075,1751 1075,1751 1075,1751 1073,1751 1060,1747 1031,1738 812,1744 599,1749 597,1749 597,1749 537,1740 510,1736 450,1738 264,1747 262,1747 90,1732"/>
        <Baseline points="95,1711 392,1728 1371,1728"/>
        <TextEquiv>
          <Unicode>welche folgerichtig zum Socialismus und Communismus führen müſſe.</Unicode>
        </TextEquiv>
      </TextLine>
      <TextLine id="eSc_line_ca256f97" >
        <Coords points="179,1780 179,1728 281,1740 316,1730 318,1730 318,1730 318,1730 320,1730 320,1730 322,1730 322,1730 322,1730 324,1730 324,1730 337,1742 564,1742 581,1730 583,1730 583,1730 583,1730 583,1730 585,1730 585,1730 585,1730 587,1730 587,1730 589,1730 589,1730 589,1730 589,1730 616,1742 1034,1734 1038,1784 1036,1798 804,1809 802,1809 802,1809 698,1796 696,1796 694,1796 678,1809 676,1809 676,1809 676,1809 674,1809 674,1809 674,1811 616,1811 614,1809 614,1809 612,1809 612,1809 612,1809 610,1809 610,1809 610,1806 608,1806 597,1794 597,1794 587,1794 496,1806 496,1806 494,1806 494,1806 492,1806 492,1806 492,1806 490,1806 471,1794 448,1804 448,1804 446,1804 446,1804 446,1804 444,1804 444,1804 444,1804 442,1804 442,1804 440,1804 440,1804 426,1794 426,1794 403,1794 328,1794 260,1806 260,1806 260,1806 258,1806 258,1806 175,1790"/>
        <Baseline points="179,1780 1038,1784"/>
        <TextEquiv>
          <Unicode>Wilhelm von Humboldt aber ſpricht alſo²:</Unicode>
        </TextEquiv>
      </TextLine>
      <TextLine id="eSc_line_53ce62bd" >
        <Coords points="165,1844 163,1806 1364,1804 1369,1848 1366,1858 781,1869 779,1869 779,1869 711,1858 705,1858 163,1858"/>
        <Baseline points="165,1844 1369,1848"/>
        <TextEquiv>
          <Unicode>„Überhaupt ſoll die Erziehung nur, ohne Rückſicht auf beſtimmte, den Menſchen</Unicode>
        </TextEquiv>
      </TextLine>
      <TextLine id="eSc_line_5127fd61" >
        <Coords points="95,1875 95,1846 1371,1850 1373,1893 1371,1906 457,1910 454,1910 454,1910 452,1910 452,1910 452,1910 450,1910 438,1902 438,1902 438,1902 428,1910 428,1910 426,1910 426,1910 426,1910 423,1910 423,1910 423,1912 299,1912 297,1910 93,1897"/>
        <Baseline points="95,1875 299,1893 1373,1893"/>
        <TextEquiv>
          <Unicode>zu ertheilende Formen, Menſchen bilden, ſo bedarf es des Staates nicht. Unter freien</Unicode>
        </TextEquiv>
      </TextLine>
      <TextLine id="eSc_line_eee4a2cd" >
        <Coords points="105,1920 105,1885 202,1885 202,1885 202,1885 204,1885 204,1885 204,1885 206,1885 233,1902 413,1902 430,1887 430,1887 430,1887 432,1887 432,1887 432,1887 434,1887 434,1887 436,1887 436,1887 436,1887 438,1887 438,1887 440,1887 440,1887 440,1887 454,1897 612,1891 614,1891 614,1891 614,1891 665,1902 769,1891 781,1891 783,1891 783,1891 798,1891 880,1902 889,1893 893,1891 893,1889 893,1889 895,1889 895,1889 895,1889 897,1889 897,1889 899,1889 899,1889 945,1893 1015,1902 1025,1895 1029,1891 1029,1891 1031,1891 1031,1891 1031,1891 1034,1891 1034,1891 1036,1891 1036,1891 1036,1891 1038,1891 1038,1891 1040,1891 1040,1891 1040,1891 1044,1895 1052,1904 1065,1895 1071,1891 1073,1891 1073,1891 1075,1891 1075,1891 1075,1891 1077,1891 1077,1891 1077,1891 1079,1891 1093,1895 1122,1904 1164,1895 1195,1891 1195,1891 1197,1891 1364,1900 1366,1939 1364,1953 256,1953 254,1951 101,1939"/>
        <Baseline points="105,1920 403,1939 1366,1939"/>
        <TextEquiv>
          <Unicode>Menſchen gewinnen alle Gewerbe beſſern Fortgang; blühen alle Künſte ſchöner auf;</Unicode>
        </TextEquiv>
      </TextLine>
      <TextLine id="eSc_line_a346d6c6" >
        <Coords points="99,1962 99,1931 221,1941 237,1931 237,1931 239,1931 239,1931 241,1931 241,1931 241,1931 244,1931 244,1931 244,1931 252,1931 295,1941 374,1933 401,1931 401,1931 403,1931 403,1931 419,1933 469,1945 676,1945 690,1937 698,1933 698,1933 698,1933 701,1933 701,1933 703,1933 703,1933 703,1933 705,1933 705,1933 705,1933 713,1937 723,1943 734,1937 738,1933 740,1933 740,1933 740,1933 742,1933 742,1933 742,1933 744,1933 744,1933 746,1933 765,1937 789,1943 847,1939 914,1933 914,1933 916,1933 916,1933 918,1933 943,1939 965,1945 984,1939 1000,1935 1002,1935 1002,1935 1002,1935 1005,1935 1005,1935 1007,1935 1007,1935 1007,1935 1009,1935 1015,1941 1021,1943 1025,1941 1031,1935 1031,1935 1031,1935 1034,1935 1034,1935 1036,1935 1036,1935 1036,1935 1038,1935 1371,1945 1373,1982 1371,1999 254,1999 252,1997 252,1997 250,1997 250,1997 250,1997 248,1997 248,1997 237,1986 235,1986 97,1986"/>
        <Baseline points="99,1962 345,1982 1373,1982"/>
        <TextEquiv>
          <Unicode>erweitern ſich alle Wiſſenſchaften. Unter ihnen ſind auch alle Familienbande enger,</Unicode>
        </TextEquiv>
      </TextLine>
      <TextLine id="eSc_line_11cb4e6e" >
        <Coords points="99,2005 99,1974 397,1988 1366,1984 1373,2024 1371,2034 397,2044 394,2044 97,2030"/>
        <Baseline points="99,2005 378,2028 1373,2024"/>
        <TextEquiv>
          <Unicode>die Eltern eifriger beſtrebt, für ihre Kinder zu ſorgen, und, bei höherem Wohlſtande,</Unicode>
        </TextEquiv>
      </TextLine>
      <TextLine id="eSc_line_e98e6206" >
        <Coords points="97,2048 95,2024 283,2032 308,2022 310,2022 310,2022 312,2022 312,2022 312,2022 314,2022 314,2022 316,2022 316,2022 316,2022 318,2022 318,2022 318,2022 335,2034 403,2026 403,2026 405,2026 634,2034 665,2024 665,2024 667,2024 667,2024 670,2024 670,2024 670,2024 672,2024 672,2024 672,2024 674,2024 690,2034 831,2024 833,2024 833,2024 920,2032 932,2022 932,2022 934,2022 934,2022 934,2022 934,2022 936,2022 936,2022 936,2022 938,2022 938,2022 938,2022 940,2022 940,2022 971,2032 994,2022 998,2019 998,2019 998,2019 1000,2019 1000,2019 1002,2019 1002,2019 1002,2019 1013,2022 1060,2034 1166,2034 1178,2022 1178,2022 1178,2019 1178,2019 1180,2019 1180,2019 1180,2019 1182,2019 1182,2019 1184,2019 1184,2019 1201,2022 1284,2032 1294,2024 1294,2022 1294,2022 1296,2022 1296,2022 1296,2022 1298,2022 1298,2022 1298,2022 1300,2022 1371,2022 1375,2065 1375,2079 957,2090 955,2090 955,2090 953,2090 918,2079 903,2075 880,2079 814,2090 814,2090 812,2090 812,2090 812,2090 810,2090 810,2090 808,2090 808,2090 808,2088 796,2079 796,2077 794,2079 781,2088 781,2090 781,2090 779,2090 779,2090 777,2090 777,2090 777,2090 775,2090 628,2081 558,2092 558,2092 556,2092 556,2092 556,2092 492,2077 485,2077 481,2077 413,2092 413,2092 413,2092 411,2092 411,2092 409,2092 409,2092 409,2092 386,2079 372,2090 370,2090 370,2090 370,2090 368,2090 368,2090 368,2090 366,2090 366,2090 299,2079 266,2090 264,2090 264,2090 264,2090 262,2090 262,2090 260,2090 260,2090 260,2090 258,2090 258,2090 258,2088 246,2077 246,2077 97,2077"/>
        <Baseline points="97,2048 246,2067 500,2073 1375,2065"/>
        <TextEquiv>
          <Unicode>auch vermögender, ihrem Wunſche hierin zu folgen. Bei freien Menſchen entſteht</Unicode>
        </TextEquiv>
      </TextLine>
      <TextLine id="eSc_line_0b93a57d" >
        <Coords points="105,2094 105,2063 372,2079 595,2079 622,2065 624,2065 624,2065 626,2065 626,2065 626,2065 628,2065 628,2065 628,2065 630,2065 632,2065 672,2077 727,2069 727,2069 727,2069 730,2069 883,2079 930,2067 932,2067 934,2067 934,2067 936,2067 936,2067 936,2067 938,2067 938,2067 938,2067 940,2067 963,2079 1362,2071 1369,2115 1366,2127 444,2131 442,2131 101,2117"/>
        <Baseline points="105,2094 384,2117 1369,2115"/>
        <TextEquiv>
          <Unicode>Nacheiferung, und es bilden ſich beſſere Erzieher, wo ihr Schickſal von dem Erfolg</Unicode>
        </TextEquiv>
      </TextLine>
      <TextLine id="eSc_line_1f080e73" >
        <Coords points="99,2137 99,2108 256,2108 256,2108 256,2108 258,2108 262,2108 301,2121 359,2110 374,2108 374,2108 376,2108 376,2108 376,2108 378,2108 378,2108 378,2108 380,2108 380,2108 382,2110 394,2123 839,2123 852,2117 858,2110 860,2110 860,2110 860,2110 862,2110 862,2110 862,2110 864,2110 864,2110 866,2110 887,2117 912,2123 1019,2119 1172,2110 1174,2110 1369,2123 1373,2156 1371,2168 1317,2168 1298,2181 1296,2181 1296,2181 1296,2181 1294,2181 1294,2181 1294,2181 1292,2181 1292,2181 1292,2181 1290,2181 1290,2181 1265,2170 1042,2181 1040,2181 1040,2181 1040,2181 1038,2181 1038,2181 1036,2181 1036,2181 1021,2168 1000,2179 1000,2179 1000,2179 998,2179 998,2179 996,2179 996,2179 996,2179 994,2179 994,2179 967,2168 951,2181 949,2181 949,2181 949,2181 947,2181 947,2181 947,2183 676,2183 674,2181 97,2164"/>
        <Baseline points="99,2137 390,2160 1373,2156"/>
        <TextEquiv>
          <Unicode>ihrer Arbeiten, als wo es von der Beförderung abhängt, die ſie vom Staate zu er⸗</Unicode>
        </TextEquiv>
      </TextLine>
    </TextRegion>
    <TextRegion id="eSc_textblock_1179fb04"  >
      <Coords points="1379,2321 777,2330 659,2371 99,2346 99,2290 155,2282 165,2232 198,2224 734,2232 868,2282 1338,2274 1379,2321"/>
      <TextLine id="eSc_line_63265400" >
        <Coords points="190,2265 190,2218 266,2230 337,2222 337,2222 337,2222 339,2222 339,2222 341,2222 341,2222 382,2234 761,2234 763,2272 758,2284 186,2276"/>
        <Baseline points="190,2265 763,2272"/>
        <TextEquiv>
          <Unicode>Hiſtor.⸗polit. Blätter, Bd. 61, S. 90.</Unicode>
        </TextEquiv>
      </TextLine>
      <TextLine id="eSc_line_ec5176b8" >
        <Coords points="188,2305 188,2268 1369,2278 1373,2311 1373,2323 1346,2338 1346,2338 1346,2338 1344,2338 1344,2338 1342,2338 1342,2338 1342,2338 1294,2328 1284,2336 1284,2338 1284,2338 1282,2338 1282,2338 1282,2338 1280,2338 1280,2338 1280,2340 1112,2340 1110,2338 1110,2338 1108,2338 1062,2325 1015,2338 1013,2338 1013,2338 1013,2340 692,2340 690,2338 690,2338 608,2325 593,2336 593,2336 591,2336 591,2336 589,2336 589,2336 589,2336 467,2338 465,2338 465,2338 463,2338 463,2338 463,2338 461,2338 442,2325 186,2325"/>
        <Baseline points="188,2305 641,2319 1373,2311"/>
        <TextEquiv>
          <Unicode>Ideen zu einem Verſuche, die Grenzen der Wirkſamkeit des Staates zu be⸗</Unicode>
        </TextEquiv>
      </TextLine>
      <TextLine id="eSc_line_28805d2c" >
        <Coords points="97,2334 99,2294 252,2315 279,2305 279,2305 281,2305 281,2305 281,2305 283,2305 283,2305 283,2305 285,2305 285,2305 287,2305 308,2317 407,2311 444,2309 446,2309 446,2309 446,2309 448,2309 448,2309 461,2313 483,2323 548,2319 618,2313 620,2313 620,2313 620,2313 622,2313 661,2325 661,2363 657,2392 589,2377 523,2387 488,2392 488,2392 485,2392 322,2385 322,2385 320,2385 289,2377 237,2365 95,2369"/>
        <Baseline points="97,2334 272,2356 661,2363"/>
        <TextEquiv>
          <Unicode>ſtimmen. Breslau 1851. S. 59 ff.</Unicode>
        </TextEquiv>
      </TextLine>
    </TextRegion>
  </Page>
</PcGts>
