1520 2481
651 512 976 609 Recenſionen.
177 680 1451 748 Der Gehorſam in der Geſellſchaft Jeſu. Urkundlich dargeſtellt von
268 731 1451 802 Dr. Theodor Weber, Gymnaſial⸗Religionslehrer und Privatdocent
262 783 1449 855 der Philoſophie an der Univerſität zu Breslau. — Breslau 1872.
254 839 583 909 8°. IV u. 55 S.
252 897 1451 973 Als wir im vorigen Band dieſer Zeitſchrift (S. 453 ff.) den Gehorſam, welcher
181 965 1451 1013 von den Mitgliedern der Geſellſchaft Jeſu durch ihre Conſtitutionen gefordert wird,
173 1000 1453 1062 gegen die in letzter Zeit wider ihn gerichteten Angriffe vertheidigten, hatten wir keine
177 1052 1453 1104 Ahnung von der Exiſtenz vorſtehend verzeichneter Schrift, ſo daß ſie natürlich keine
184 1089 1455 1145 Berückſichtigung fand. Wenn wir heute auf dieſelbe ausführlicher zurückkommen, ſo
177 1130 1455 1195 geſchieht es nicht deswegen, weil ſie etwa neue Einwürfe enthielte, die eine eingehendere
186 1184 1455 1236 Widerlegung verdienten; wir ſind vielmehr der Anſicht, daß alle durch die eben er⸗
179 1223 1455 1277 wähnte Abhandlung ſchon vollſtändig in ihrer Nichtigkeit nachgewieſen wurden; ſon⸗
177 1265 1455 1321 dern unſere Abſicht iſt an einem weitern Beiſpiele zu conſtatiren, daß nur Bös⸗
177 1316 1455 1368 willigkeit oder Unwiſſenheit jene Feder führt, welche den Gehorſam der Jeſuiten
175 1356 349 1416 verdächtigt.
246 1391 1455 1457 Der Vorrede (S. IV.) gemäß glaubt der Verfaſſer nicht den Vorwurf zu ver⸗
177 1443 1455 1498 dienen, „im Dienſte einer Partei geſchrieben und die pflichtmäßige Objectivität des
175 1488 1455 1554 Hiſtorikers verläugnet zu haben.“ Sehen wir zu, wie es mit dieſer Unparteilichkeit
179 1538 1455 1591 und Objectivität ſteht. Dr. Weber wird zugeſtehen, daß dieſelbe gebieteriſch fordert:
177 1583 1455 1635 1) Die Benutzung des vollſtändigen Quellenmaterials, wenigſtens inſofern das⸗
175 1616 1455 1687 ſelbe allgemein bekannt und leicht zugänglich iſt; 2) eine richtige, wenigſtens nicht
173 1674 1455 1728 gegen Grammatik und Lexikon verſtoßende Ueberſetzung der benützten Quellen, 3) eine
179 1716 1455 1767 ungezwungene, wenigſtens nicht dem klaren Wortlaute widerſprechende Deutung der⸗
175 1763 1455 1811 ſelben. Dieſe dreifache Forderung, welche offenbar an jeden Hiſtoriker geſtellt werden
171 1800 1455 1864 muß, der unparteiiſch und objectiv eine urkundliche Darſtellung liefern will, finde ich
175 1842 1455 1910 in vorliegender Schrift auf's gröbſte verletzt. Die folgenden Zeilen werden den ſonnen⸗
175 1895 552 1947 klaren Beweis erbringen.
248 1928 1457 1993 1. „Zwei Quellen, ſagt Dr. Weber, die Regeln der Geſellſchaft Jeſu und der aus
175 1982 1453 2044 dem Jahr 1553 ſtammende Brief des Ignatius Loyola¹ über die Tugend des Ge⸗
171 2022 1457 2081 horſams, ſind es, an welche der Hiſtoriker ſich wenden muß, wenn er ein ebenſo klares
175 2073 1453 2139 als richtiges Urtheil über die der Geſellſchaft Jeſu gegebene innere Einrichtung ge⸗
246 2177 1449 2234 ¹ Dr. Weber würde es unpaſſend nennen, wenn wir von der Broſchüre „des“
169 2222 1457 2288 Theodor Weber ſprechen wollten; iſt es nicht mehr als bloß unpaſſend, wenn er mit
177 2274 1455 2336 wegwerfender Verachtung von dem Briefe „des“ Ignatius Loyola ſpricht? Eine kleine
175 2309 899 2379 Andeutung der zu erwartenden Unparteilichkeit!
