1520 2481
703 82 758 161 75
97 184 1364 250 folgert der Verfaſſer, ſie wären zu „einem rückhaltsloſen und unbedingten Gehorſam“
101 233 1371 293 verpflichtet (S. 4). Ueber die Unrichtigkeit dieſes Schluſſes brauche ich wohl, da die
101 277 1366 334 Prämiſſe nicht nur nicht bewieſen, ſondern abſolut falſch iſt, kein Wort zu verlieren.
169 324 1369 386 Dr. Weber hat aber den Gehorſam der Jeſuiten nicht bloß urkundlich darſtellen,
101 365 1369 423 ſondern ihn auch im Gegenſatz zum Gehorſam der andern Orden zeichnen wollen.
101 413 1366 479 Dazu war natürlich die Bekanntſchaft mit den Regeln der übrigen Orden erforderlich.
97 465 1375 523 In Bezug auf dieſe jedoch verräth er eine ſo großartige Unkenntniß, daß er ohne
101 498 1373 558 es nur zu ahnen alle hl. Ordensſtiſter ohne Ausnahme trifft, wo er den hl. Igna⸗
99 547 1375 614 tius allein zu treffen wähnt. Einige Beiſpiele werden wiederum meine Behauptung
99 585 285 647 rechtfertigen.
169 632 1373 694 Der gelehrte Herr macht es dem hl. Ignatius zum Vorwurf, daß er „die Stell⸗
101 680 1373 746 vertretung Gottes und Chriſti durch die Obern ganz bedeutungsvoll in den Vorder⸗
103 729 1373 789 grund ſchiebe“, daß die Vorgeſetzten in Beziehung auf die Untergebenen Gottes Stelle
103 771 1375 833 vertreten“, „die Interpreten des göttlichen Willens ſeien“ u. ſ. w. (S. 5 ff.). Nun
105 810 1379 872 hören wir den großen hl. Baſilius von Cappadocien, den die Mönche der griechiſchen
105 860 1377 913 Kirche als ihren Vater verehren: „Der Abt, ſagt er, iſt nichts Anderes, als der Stell⸗
105 899 1379 965 vertreter des Erlöſers, ein Mittler zwiſchen Gott und dem Menſchen“¹. Hat der
107 948 1377 1004 hl. Ignatius einen ſtärkeren, oder auch nur ſo ſtarken Ausdruck? Weiter heißt es
105 988 1375 1054 bei ihm in der kürzeren Regel: „Er (der Ordensmann) ſei vollkommen überzeugt
109 1039 1379 1093 (πληροφορεισϑω), daß er nicht einem Menſchen widerſpricht oder gehorcht, ſondern
105 1081 1375 1141 Gott ſelbſt, welcher geſagt hat: Wer euch höret, der höret mich“². Tritt die Stell⸗
111 1128 1379 1184 vertretung Gottes durch den Obern hier weniger in den Vordergrund als beim hei⸗
109 1174 1381 1230 ligen Stifter der Geſellſchaft Jeſu? Neben den hl. Baſilius tritt billig der Patriarch
109 1213 1383 1271 der Mönche des Abendlandes, der hl. Benedict. „Der Gehorſam, ſo leſen wir in
111 1261 1383 1337 ſeiner Regel, iſt dann Gott angenehm und den Menſchen wohlgefällig, wenn das Be⸗
179 1381 1091 1445 ¹ Constit. monast. c. 22. n. 4. (Opp. ed. Maur. II. 573.)
179 1426 1381 1480 ² Reg. brev. tract. 38. (Opp. II. 427.) Aus der citirten Stelle iſt auch er⸗
113 1467 1383 1529 ſichtlich, daß der hl. Ignatius einen guten Gewährsmann hatte, wenn er die Worte
113 1509 1381 1575 des Herrn: „Wer euch höret u. ſ. w.“ (Luk. 10, 16) vom Ordensgehorſam verſteht,
113 1552 1385 1620 trotz der gegentheiligen Anſicht des Herrn Gymnaſial⸗Religionslehrers (S. 6). Wenn
115 1602 1389 1656 dieſer einmal das eben citirte 22. Capitel der Constit. monast. des hl. Baſilius leſen
113 1639 1387 1705 will, wird er auch wohl nicht mehr dem hl. Ignatius einen Vorwurf deßhalb machen,
113 1693 1385 1747 weil er das Beiſpiel Abrahams, welcher bereit war auf Beſehl Gottes ſeinen Sohn
113 1734 1385 1794 Iſaak zu ſchlachten, als Muſter des Gehorſams aufgeſtellt habe (S. 32 Anm. 2).
115 1778 1385 1835 Da es aber dem Herrn Religionslehrer beliebt hat, dem hl. Ignatius in Bezug auf
117 1823 1389 1883 Exegeſe das Penſum zu corrigiren, wird er geſtatten müſſen, daß ich mir ihm gegen⸗
119 1866 1389 1922 über die nämliche Freiheit nehme. S. 27 citirt und erklärt Dr. Weber zwei Texte;
119 1906 1389 1974 ich möchte nun gerne wiſſen, erſtens ſeit wann Röm. 12, 1 „rationabile obsequium
122 1959 1389 2013 vestrum“ überſetzt werden kann: „Euer Gehorſam ſei vernünftig,“ da doch obsequium,
119 1999 1385 2067 weil hier dem λατρεία (Gottesdienſt) entſprechend, unmöglich den Sinn „Gehorſam“
119 2038 1393 2106 hat. Ferner wäre ich ſehr begierig zu erfahren, mit welchem Rechte die Worte des
122 2086 1393 2143 Apoſtels „Prüfet Alles u. ſ. w.“ (1. Theſſ. 5, 21), welche dem Contexte gemäß bloß
122 2135 1395 2193 auf die Vorträge der neuteſtamentlichen Propheten bezogen werden können, in ganz
122 2172 1393 2241 allgemeiner Bedeutung von den Befehlen der (geiſtlichen und weltlichen) Vorgeſetzten
124 2222 1395 2278 verſtanden werden? Andere exegetiſche Kunſtſtücke Dr. Webers werden wir noch unten
126 2265 1395 2321 kennen lernen; und Alles zuſammengenommen, will es mir ſcheinen, daß ein Repe⸗
124 2309 1298 2385 titorium der Exegeſe dem Herrn Doctor (der Theologie?) nicht ſchaden könnte.
