1520 2481
773 80 827 144 78
167 184 1441 231 Weber eingeſchoben hat, um ſeinen proteſtkatholiſchen Standpunkt zu rechtfertigen
165 221 1439 277 (S. 7—12), ſeine exegetiſche Kunſt ein wenig prüfen. Von jeher mußte ſich die arme
161 262 1437 320 heilige Schrift von allen Häretikern malträtiren laſſen, um Waffen gegen die Wahr⸗
163 310 1439 372 heit zu liefern; natürlich ſucht in ihr auch der Herr Religionslehrer die Prämiſſe ſeiner
161 357 401 407 Argumentation.
237 390 1441 458 Zum Veweiſe alſo des Cardinalſatzes der proteſtkatholiſchen Secte, welcher lautet:
169 442 1441 500 Die Glieder der Kirche haben das Recht, die Lehren, welche ihnen von ihren Hirten
167 485 1441 543 als zur Heilswahrheit gehörig verkündet werden, „mit ihrem bisherigen Glaubensbe⸗
167 531 1443 591 wußtſein zu vergleichen, um dieſelben auf ſolche Weiſe vor ihrer Auf⸗ und Annahme
169 583 1445 638 der Prüfung zu unterwerfen“ (S. 10), beruft ſich der Verfaſſer auf Chriſtus und die
171 624 1443 678 Apoſtel. Chriſtus habe für ſeine Perſon keine blinde Anerkennung verlangt, ſondern
169 661 1443 721 die Juden aufgefordert in den Schriften zu forſchen, da dieſe von ihm Zeugniß ab⸗
173 715 1445 771 legten, und als Paulus in Beröa das Evangelium verkündete, hätten auch die Be⸗
171 758 1445 814 röenſer in der Schrift nachgeforſcht, ob es ſich ſo verhielte, wie der Apoſtel predigte.
173 798 1447 855 Alſo weil der Heiland die ungläubigen Juden, welche ſeine göttliche Sendung
171 841 1447 901 nicht anerkannten, auffordert, ſich von dieſer göttlichen Sendung durch einen
173 886 1449 944 Vergleich ſeines Lebens und ſeiner Thaten mit den altteſtamentlichen Weiſſagungen
169 938 1449 994 zu überzeugen, deshalb hat er auch noch den Apoſteln und Jüngern, die an ſeine
169 975 1449 1033 göttliche Sendung glaubten, das Recht zuerkannt, ſeine neuen Lehren einer
175 1019 1447 1087 Prüfung zu unterwerfen und mit ihrem bisherigen Glaubensbewußtſein zu vergleichen!
177 1070 1449 1120 Weil die noch ungläubigen Beröenſer ſich durch eigene Forſchung von der Gött⸗
177 1112 1451 1170 lichkeit des Chriſtenthums und damit zugleich von der Berechtigung des Apo⸗
177 1153 1449 1213 ſtels zur Predigt überzeugten, deshalb durften auch die gläubig gewordenen Beröenſer,
171 1201 1451 1259 als ſie von der apoſtoliſchen Sendung des heiligen Paulus überzeugt waren, die
177 1240 1449 1302 weitern Lehren des Apoſtels mit ihrem bisherigen Glaubensbewußtſein vergleichen,
179 1290 1453 1339 um ſie abzulehnen oder anzunehmen, je nach der gefundenen oder nichtgefundenen
181 1331 1453 1383 Uebereinſtimmung! Welches mag wohl das Glaubensbewußtſein der Beröenſer vor
175 1374 1451 1434 ihrer Bekehrung z. B. in Bezug auf die Sacramente geweſen ſein? In der That,
177 1418 1455 1476 der Unterſchied zwiſchen dem Rechte zur Prüfung der Auctorität deſſen, der ſich eine
181 1465 1455 1525 göttliche Miſſion zuſchreibt, und dem Rechte zur Prüfung der Lehren, welche eine als
179 1515 1453 1571 göttlich erkannte Auctorität vorträgt, iſt zu ſubtil für einen Privatdocenten der Philo⸗
181 1556 1453 1612 ſophie; er vermag nicht einzuſehen, daß die Kirche zwar den Ungläubigen gegenüber
181 1604 1453 1654 ihre göttliche Auctorität beweiſen muß, daß ſie aber nicht ihren Kindern gegen⸗
177 1637 1455 1699 über, die in ihr eine Säule und Grundfeſte der Wahrheit erblicken, ihre Lehren
179 1689 1455 1742 zu beweiſen braucht. Wie nothwendig iſt doch für den Gymnaſial⸗Religionslehrer ein
177 1730 845 1786 Repetitorium der Exegeſe und — der Logik!
254 1780 1455 1833 Doch kommen wir zum eigentlichen Thema des Verfaſſers zurück. Das Geringſte,
179 1819 1457 1889 was man von jedem Schriftſteller erwarten darf, iſt, daß er die benutzten Quellen
179 1866 481 1920 richtig überſetze.
256 1904 1457 1966 Wir haben ſchon in unſerer kurzen Notiz im I. Bd. S. 548 darauf hingewieſen,
186 1955 1455 2009 wie dieß auch ſchon von anderer Seite geſchehen iſt¹, daß nicht einmal dieſer gering⸗
184 1999 1457 2055 ſten Forderung in vorliegender Schrift Genüge geſchieht. Wie Dr. Weber durch un⸗
177 2042 1460 2102 richtige Überſetzung im heiligen Paulus findet, was er will (ſiehe oben S. 75 Anm. 2),
186 2084 1462 2146 ſo auch beim hl. Ignatius. So z. B. wird S. 19 der Satz „in quibus cognitae
188 2137 1457 2191 veritatis evidentia vim illi (sc. intellectui) non infert“ überſetzt: „in denen näm⸗
184 2172 1462 2243 lich die Evidenz der erkannten Wahrheit nicht ſo groß iſt, daß ſie jener (der
264 2303 1238 2375 ¹ Germania Nr. 283 Beilage. Breslauer Volkszeitung Nr. 298.
