1522 2481
686 62 715 113 3
62 148 1337 221 Antwort genommen, und daß ſie als die größte Beleidigung Gottes aufge⸗
62 204 1337 279 faßt wird. Er hört, wie man Ihn für den verworfenſten Menſchen erklärt
59 268 1335 334 und zum Tode verurtheilt: und Er ſetzt ſeiner Erklärung Nichts hinzu.
59 316 1331 390 Er fühlt, wie man Ihn als Gottesläſterer mißhandelt, zum Tode führt;
59 376 1335 442 und Er widerruft nicht, Er deutelt an ſeiner Ausſage nicht herum. Im
59 434 1331 506 Gegentheile, von nun an antwortet Er auf keine Frage mehr, als Einer,
57 494 1331 560 der Alles und klar genug geſagt hat. Wie ein Lamm, das, zur Schlacht⸗
57 547 1337 614 bank geführt, ſeinen Mund nicht öffnet, geht Chriſtus, nachdem Er die
55 605 1333 671 grauſamſten, ſchmachvollſten Mißhandlungen erduldet, zum ſchmählich⸗
62 657 1337 729 ſten Tod, und öffnet auf dem Kreuze ſeinen Mund erſt, um ſeinen Vater
62 719 1335 779 für ſeine Feinde um Vergebung zu bitten. Dem armen Schächer ver⸗
59 769 1337 845 heißt Er noch die ewige Seligkeit, und übergibt ſeine Seele in die Hände
55 831 1333 897 des Vaters. So berichten die Proceßacten, ſo glauben die Chriſten ſelber.
140 884 1331 953 Hat Chriſtus die Wahrheit geſagt, oder nicht? — Das iſt nun
55 944 1331 1015 die Alles entſcheidende Frage. Wenn ja! dann müſſen wir Alle vor
59 1006 1333 1066 dem Gekreuzigten anbetend niederfallen; dann iſt das Chriſtenthum gött⸗
59 1066 1333 1122 liche Wahrheit, dann ſind die Hoffnungen der Chriſten auf felſenfeſtem
59 1118 1335 1188 Grunde gebaut, und wir müſſen Den ohne Maß lieben, der uns ohne
57 1166 490 1244 Maß zuerſt geliebt hat.
146 1232 1333 1298 Wenn aber Chriſtus die Wahrheit nicht geſagt hat, dann iſt nur
55 1292 1331 1356 eine doppelte Annahme denkbar. Entweder hat Er wiſſentlich die Un⸗
57 1350 1333 1412 wahrheit geſagt, nicht nur oft in ſeinen Reden an das Volk, ſondern
57 1399 1333 1469 vor Gericht, unter einem Eide; Er hat dann wiſſentlich ſich alle Rechte
59 1455 1333 1527 Gottes angemaßt, von allen Menſchen verlangt, daß ſie Ihm glauben
59 1517 1337 1585 und gehorſamen, auf Ihn hoffen und Ihn über Alles, ſelbſt mehr als
57 1565 1335 1635 Vater und Mutter, Bruder und Schweſter, Weib und Kind und ſich
57 1622 1333 1699 ſelber lieben ſollen, und um dieſen Weltbetrug glaubhaft zu machen,
57 1691 1337 1753 geht Er in den Tod als der ſanftmüthigſte aller Menſchen, fleht zu Gott
62 1738 1337 1815 um Verzeihung für ſeine Feinde, verheißt ſterbend einem Verbrecher ſein
62 1798 1335 1864 ewiges Reich und heuchelt Gottes Freundſchaft noch mit dem letzten
62 1848 1335 1924 Seufzer!! Welchen Namen ſoll man ihm geben? — Oder, Er hat
59 1908 1337 1970 ſich eingebildet, Gott, Welterlöſer, zu ſein? Und von dieſem Wahn⸗
57 1959 1333 2038 ſinn konnte Ihn kein Widerſpruch, ſelbſt nicht die furchtbarſte Qual, auch
57 2019 1331 2094 nicht der ſchmerzvollſte Tod abbringen? Was kann dann die Welt anders,
57 2073 1335 2148 als Ihn herzlich bedauern? Schließen wir: da es eine weltkundige, un⸗
57 2127 1335 2212 läugbare Thatſache iſt, daß Chriſtus für den Gottesſohn, einer Weſenheit
62 2195 1333 2268 mit dem Vater, für den verheißenen Meſſias, Welterlöſer, ſich ausge⸗
51 2245 1335 2336 geben hat, und darum gekreuzigt worden iſt; ſo muß man entweder
1071 2305 1120 2365 1*
