1521 2481
821 84 858 142 4
198 175 1479 235 Ihm glaubend Ihn anbeten, oder ſich von Ihm als von einem Betrüger
198 221 1473 289 mit tiefſtem Abſcheu, oder als von einem unheilbaren Wahnſinnigen
198 279 1473 347 mit innigſtem Mitleiden abwenden. Keiner aber, der an die Gottheit
200 332 1473 405 Chriſti nicht glaubt, darf ſich Chriſt nennen; weil die geringſt mögliche
196 392 1471 467 Selbſtachtung es jedem Menſchen verbietet, ſich einen Verehrer und
198 461 1471 525 Jünger eines Betrügers oder eines Wahnſinnigen zu nennen. Der
194 504 1469 574 Verſuch der ſogen. Rationaliſten, dieſem entſcheidenden Entweder —
198 564 1473 632 Oder zu entgehen, iſt ein verunglückter zu nennen. Sie wiſſen wohl,
190 618 1471 692 daß ſie den Namen Chriſt ungeſtraft von ſich weiſen können. Aber
188 676 1471 742 einerſeits hält ſie eine gewiſſe Scheu vor einem völligem Bruche mit
188 729 1469 802 den chriſtlichen Mitbürgern ab; andererſeits leben Manche von ihnen
192 785 1469 864 mit Weib und Kind von irgend einem Lehramte im Chriſtenthum. Des
196 847 1471 922 Glaubens jedoch bar, ſuchen ſie nun alles Übernatürliche, Göttliche aus
192 901 1469 979 dem Chriſtenthum auszumerzen, und daraus eine rein natürliche, menſch⸗
194 961 1467 1035 liche Religion zu machen. Was iſt ihnen Chriſtus? Ein Weltweiſer,
194 1017 1467 1085 der ſich bewußt war, eine ſehr ſchöne, menſchenfreundliche Sittenlehre
196 1075 1471 1149 zu beſitzen. Dieſer ſchönen Moral hätte er aus Liebe zur Menſchheit
194 1128 1469 1201 gerne Eingang verſchafft. Dazu bedurfte er aber eines höhern An⸗
196 1188 1471 1257 ſehens. Das abergläubiſche Volk der Juden glaubte damals an einen
190 1240 1467 1314 gewiſſen Meſſias, Gottesſohn, Menſchenerlöſer, den die ſogen. Propheten
194 1308 1467 1368 verheißen haben ſollten, und gerade zur Zeit Chriſti erwarteten die Juden
194 1360 1469 1428 deſſen Ankunft. Was that Chriſtus? Er machte ſich den Wahn ſeiner
198 1416 1465 1492 Zeitgenoſſen zu Nutzen und gab ſich für den Meſſias, Gottesſohn, aus,
194 1472 1465 1542 und es gelang ihm, Glauben zu finden und der große Reformator,
194 1527 1467 1602 der größte Wohlthäter der Menſchheit zu werden. Darum, ohne an
194 1583 1467 1660 ſeine Gottheit zu glauben, ohne in Ihm mehr als einen Menſchen zu
194 1643 1463 1713 ſehen, verehren die Rationaliſten, die Aufgeklärten, Chriſtus ſehr hoch,
192 1699 1465 1767 und nennen ſich ſeine Schüler und Anhänger. Was iſt nun dazu zu
196 1759 1467 1827 ſagen? Wie muß es mit der Logik und mit der Moral der Rationa⸗
192 1811 1465 1885 liſten ſtehen? Nach ihrer Auffaſſung iſt und bleibt Chriſtus ein Be⸗
192 1873 1465 1939 trüger. Er hat aber bei ſeinem Betrug eine gute Abſicht. Er verſchafft
192 1924 1463 1995 der Wahrheit Eingang durch die Lüge; Er gründet das Reich der Tu⸗
194 1984 1465 2050 gend auf die bodenloſeſte Schlechtigkeit. Der gute Zweck heiligt bei
194 2042 1465 2110 Ihm die verwerflichſten Mittel. Und — die Rationaliſten bewundern
194 2090 1467 2168 Ihn darum, preiſen Ihn als den heiligſten der Menſchen und wollen
192 2148 1465 2226 keine andere Religion, als die ſeinige; auf ſie bauen ſie ihre Hoffnungen
194 2199 1463 2288 für Zeit und Ewigkeit! — Wenn dieſe Menſchen ſchlecht genug ſind,
192 2261 1460 2359 um Chriſto ihre eigene Schlechtigkeit zu unterſtellen, ſo ſind ſie auch
