1527 2481
442 473 869 570 Was iſt Chriſtus?
641 645 682 713 I.
103 717 1295 785 Die Frage: Was iſt Chriſtus? iſt entſcheidend für das ganze
14 777 1295 853 Chriſtenthum. Iſt Chriſtus nur ein Menſch, wie jeder andere, obwohl
18 833 1291 899 vielleicht der weiſeſte und vollkommenſte, der bisher auf Erden erſchienen:
20 899 1293 957 ſo iſt das Chriſtenthum doch eben nur eine menſchliche Religion, zu deren
20 955 1295 1017 Annahme kein Menſch verpflichtet iſt, und die Jeder nach ſeiner Ein⸗
20 1011 1291 1081 ſicht ummodeln darf. — Iſt aber Chriſtus, wie weitaus die größte Zahl
18 1064 1291 1130 der Chriſten ſtets geglaubt, die zweite Perſon der göttlichen Dreieinigkeit,
18 1118 1295 1195 welche, ohne an ihrer Gottheit irgend eine Veränderung zu erleiden, in
18 1172 1291 1252 der Zeit ſich eine menſchliche Seele und einen menſchlichen Leib angeeignet
18 1238 1289 1298 und wahrer Menſch geworden iſt: dann iſt das Chriſtenthum die einzig wahre,
18 1290 1291 1358 von Gott geoffenbarte Religion, ſtreng verpflichtend für alle Menſchen.
22 1343 1297 1414 Der kürzeſte Weg alſo, um mit ſich ſelbſt über die Wahrheit und den
22 1397 1291 1474 Werth des Chriſtenthums in's Klare zu kommen, iſt die Beantwortung
20 1457 1291 1532 der Frage: Was iſt Chriſtus? Wir wollen im Folgenden verſuchen,
20 1513 1295 1591 dieſelbe auf eine allgemein verſtändliche Weiſe zu löſen. Vor Allem
24 1577 1293 1641 aber müſſen wir einen feſten geſchichtlichen Boden unter den Füßen haben.
105 1631 1295 1699 Wenn wir nun ſagen: Vor achtzehnhundert und ſo viel Jahren
26 1687 1293 1763 lebte in Paläſtina ein Mann, mit Namen Jeſus von Nazareth, zugenannt
28 1738 1295 1819 Chriſtus, dieſer Mann machte großes Aufſehen durch ſeine Lehre und
28 1798 1291 1869 ſeine Thaten und wurde gekreuzigt; drängen wir die Geſchichte Chriſti
33 1856 1295 1935 ſo enge zuſammen, dann gibt es keinen Chriſten, keinen Juden, keinen
33 1912 1293 1991 Mahommedaner, keinen Heiden, keinen Menſchen, der ſie in Abrede ſtellte.
31 1968 1291 2048 Das heißt: die geſchichtliche Exiſtenz und die Kreuzigung Chriſti ſind
31 2022 962 2100 weltkundige, unläugbare, nie geläugnete Thatſachen.
107 2081 1295 2162 Fragen wir nun: Warum iſt Chriſtus gekreuzigt worden? ſo
24 2137 1293 2218 antworten uns alle Chriſten, alle Juden, alle Mahommedaner, alle Heiden,
24 2193 1293 2276 alle Menſchen, die Etwas von Chriſtus wiſſen: Chriſtus iſt gekreuzigt
22 2249 1295 2342 worden, weil er ſich für Gott, Gottes Sohn, für den verheißenen Welt⸗
66 2296 314 2369 Stimmen. II. 1.
