1520 2481
694 4 756 175 65
88 190 1366 252 und der Kirche geübtes Zwangsrecht des Staates, für eine polizeiliche
86 233 1364 316 Behinderung der Privaten, ihre perſönliche Freiheit durch Errichtung
86 295 1364 370 von Schulen zu bethätigen, findet ſich unter gebildeten Nationen in der
86 349 1366 425 That kein zwingendes Bedürfniß, und darum kein Rechtstitel. Wer aber
86 409 1366 485 etwas Anderes, als ein derartiges Bedürfniß, genügen laſſen will, der
88 473 1366 537 möge entweder auf ſeinem Wege eine von Gott dem Staate gewordene
86 518 1366 597 Ermächtigung zu Zwangsmaßregeln nachweiſen, oder aber eingeſtehen,
86 576 1364 653 daß er ohne ſolche Vollmacht, alſo ohne Rechtstitel, mit dem bloßen
84 634 678 707 Rechte des Stärkeren vorangeht!
165 700 1364 775 6. Sed audiatur et altera pars! Hören wir wenigſtens
84 758 1364 841 auch einige Verſuche, welche man angeſtellt hat, um ein weitergehendes
84 818 1364 893 Recht des Staates nachzuweiſen, um ihn zum eigentlichen Lehrer und
84 868 773 948 Erzieher der Jugend zu qualificiren!
169 944 914 1002 Trendelenburg¹ drückt ſich alſo aus:
159 996 1366 1064 „Wenn der Staat in der umfaſſenden Bedeutung ſeines Weſens gedacht, das
84 1044 1364 1099 Volk als einen Menſchen im Großen darſtellen ſoll, und wenn dieſer Menſch im
86 1087 1364 1157 Großen dadurch bedingt iſt, daß das Volk wie natürlich, ſo auch geiſtig ſich aus ſich
86 1132 1364 1201 fort und fort erzeuge und ergänze, ferner, daß gemeinſame ſittliche Vorſtellungen den
84 1174 1362 1246 Willen Aller beſtimmen, und wenn dieſe Einheit des Geiſtes weſentlich daven abhängt,
84 1221 1364 1292 daß dazu die Jugend gewöhnt und unterwieſen werde: ſo liegt es im Begriff des
84 1257 492 1331 Staates, Erzieher zu ſein.“
167 1327 1091 1393 Wir geben auf dieſe Worte eine dreifache Antwort.
167 1391 1364 1467 Erſtens: Alle Prämiſſen des Verfaſſers, alle dieſe „wenn“ zuge⸗
86 1449 1364 1527 geben, folgt daraus nicht der gezogene Schluß, ſondern ſtatt deſſen
84 1505 1366 1581 folgende Conſequenz: Alſo muß Gott irgendwie (ſei es durch den
84 1558 1364 1645 Staat, ſei es durch die Familie, oder wie auch immer,) dafür geſorgt
82 1620 1364 1699 haben, „daß das Volk ſich geiſtig fort und fort erzeuge“, und daß zu
82 1678 1364 1753 gemeinſamen ſittlichen Vorſtellungen „die Jugend gewöhnt und unter⸗
84 1730 1366 1815 wieſen werde.“ Und das hat Gott in der That genügend gethan, indem
86 1792 1364 1871 er dafür geſorgt hat, daß Jeder ein Kind ſeiner Zeit und ſeines Volkes
84 1846 1362 1920 iſt, und unwillkürlich in dieſem ſeinem Geiſte auch ſeine Kinder erzieht.
163 1906 1364 1978 Wie nun aber, wenn ausnahmsweiſe Jemand nicht ein Kind
84 1955 1366 2038 ſeines Volkes iſt? Ich will ſagen, wenn z. B. eine deutſche Familie
84 2015 1364 2100 ſich dauernd in Frankreich anſäßig macht, dabei aber die deutſche
84 2071 1366 2156 Nationalität auch für ſeine Kinder beibehalten möchte? Könnte da
84 2127 1364 2226 nicht die franzöſiſche Polizei ſich einmiſchen, damit die Kinder in fran⸗
150 2286 1145 2371 ¹ Naturrecht auf dem Grunde der Ethik. Leipzig 1860. S. 475.
126 2334 361 2406 Stimmen. II. 1.
1116 2356 1143 2431 5
