1520 2481
711 90 767 152 71
99 179 1377 250 ihn umgebende Kreis, die Familie, einige Opfer der Freiheit verlangt.
99 246 1377 314 Die Familie wiederum ſoll ihre Rechtsſphäre haben, ſo viel es nur
101 295 1377 368 immer geht; wo ſie eingeſchränkt werden muß, da ſei es zunächſt nur
99 355 1375 430 durch die Gemeinde; erſt wo dieſe nicht mehr ausreicht, gelangen wir
97 421 1375 479 zum Eingreifen der äußerſten Peripherie, des Staates. Und dieſes
97 479 1375 541 geſunde, organiſche Leben ſollten wir einer revolutionären Centraliſation,
97 527 1375 593 ſollten wir den „großen Principien von 1789“ zum Opfer bringen?
97 578 1375 647 Leider iſt ſchon all' jenes reiche corporative Leben, welches das Mittel⸗
97 647 1377 711 alter zierte, auch in den germaniſchen Ländern mehr und mehr der
97 694 1377 775 Omnipotenz des Staates zum Opfer gefallen; nachdem dieſes Bollwerk
93 756 1375 831 geſtürzt, nagt der Wurm einer communiſtiſchen Centraliſation am Hei⸗
95 810 1375 889 ligthum der Familie; man will dem Herzen des Vaters, der Mutter,
97 870 1373 942 denen Gott die Kinder anvertraut, dieſelben entreißen, um ſie vom
97 924 1373 998 Staat erziehen zu laſſen, deſſen eiſerne Hand mehr zu Juſtiz und Krieg,
99 977 1371 1054 als zu dem zarteſten aller Geſchäfte, zur Jugenderziehung, gemacht iſt.
179 1037 1373 1108 „Die Kinder gehören der Republik, ehe ſie den Eltern
95 1097 1371 1176 gehören“ — ſo proclamirte einſt Danton. Stellen wir dieſem Satz
95 1153 1373 1234 den andern entgegen: Die Kinder gehören ihren Eltern, und
90 1205 1149 1312 kein Staatsgeſetz darf ſie ihnen ſtreitig machen!
837 1298 1304 1405 L. v. Hammerſtein, S. J.
