1520 2481
641 49 707 121 59
39 142 1313 215 anſieht, ſo kann, wie der Umfang ſeiner Exiſtenz, ſo auch der Umfang
39 196 1311 272 ſeiner Rechte nicht weiter reichen, als er von Gott ihm verliehen iſt;
43 258 1315 332 der wahre Maßſtab füe den Umfang ſeines Rechtes iſt einzig und allein
45 314 1317 390 der Umfang der von Gott ihm auf welchem Wege auch immer ver⸗
39 359 382 446 liehenen Vollmacht.
119 423 1317 494 Hier könnte die Frage aufgeworfen werden: welches iſt nun die
43 479 1313 554 Folge, wenn der Staat mit ſeinen Geſetzen dieſen Umfang ſeiner Com⸗
43 539 1313 611 petenz, ſeiner Vollmacht überſchreitet? Macht er ſich nur einer Rechts⸗
45 595 1313 669 verletzung ſchuldig, oder würde abſolute (materielle und formelle) Nich⸗
43 653 1317 725 tigkeit ſeiner Willenserklärungen die Folge ſein? Über dieſen Punkt
45 707 1315 783 könnten wir vielleicht in Meinungsverſchiedenheit gerathen mit der hiſto⸗
43 764 1315 837 riſchen Schule; wir könnten hier der Behauptung entgegentreten müſſen,
43 822 1315 899 ein ſolcher Erlaß, der die Grenzen der ſtaatlichen Competenz überſchritte,
45 880 1315 953 habe immerhin noch einen gewiſſen Anſpruch auf „formelle“ Geltung.
49 934 1317 1008 Wir wollen indeß durch eine Erörterung dieſer Frage den Gang der
47 992 1317 1060 Entwicklung nicht ſtören; denn hier genügt es, im Allgemeinen die
45 1050 1315 1124 Rechtswidrigkeit eines Geſetzes zu conſtatiren, welches die von Gott ge⸗
47 1116 1319 1174 ſetzten Grenzſteine des Staates von ihrer Stelle rückte. Soweit der
47 1164 1317 1240 Staat eine Vollmacht Gottes nachweiſen kann, ſoweit darf er Geſetze er⸗
47 1221 1315 1298 laſſen; wo eine ſolche ſich nicht darthun läßt, da hört ſeine Compe⸗
45 1263 204 1348 tenz auf.
122 1339 1321 1399 4. Der Umfang der von Gott dem Staate ertheilten
49 1391 1319 1465 Vollmacht iſt zu bemeſſen aus der Beſtimmung, welche
47 1451 1321 1527 Gott dem Staate gegeben, und welche ſich aus der Natur
45 1494 415 1581 der Sache ergibt.
128 1567 1321 1639 Über die rechtliche Begründung des Staates haben auch diejenigen
47 1618 1317 1697 vielfach geſtritten, welche darin übereinſtimmen, daß man irgendwie auf
47 1674 1319 1751 den Willen Gottes zurückgehen müſſe. So wollte man von pietiſtiſcher
51 1732 1319 1811 Seite gewiſſe Ausſprüche der heiligen Schrift als Grundlage nehmen.
47 1790 1321 1869 Mit Unrecht; denn die chriſtliche Offenbarung ſetzt den Staat bereits,
47 1844 1321 1924 als rechtlich beſtehend voraus, und ſchärft durch derartige Ausſprüche
47 1902 1323 1982 nur die ſchon vorhandene Pflicht des Gehorſams gegen die bürgerliche
49 1957 1321 2042 Obrigkeit auf's Neue ein. Für die juriſtiſche Conſtruction des Staates
53 2015 1321 2096 müſſen wir durchaus zurückgreifen auf die Natur der Sache. — Hier
51 2071 1323 2152 handelt es ſich alſo darum, den Aufbau der menſchlichen Geſellſchaft
51 2127 1321 2208 mit ihren verſchiedenen Organismen von Familie, Gemeinde und Staat
45 2183 1315 2268 kurz zu verfolgen, um den geſetzgeberiſchen Plan Gottes und ſomit die
51 2239 1323 2334 Rechte eines Jeden aus der Natur der Sache, ſoweit es möglich iſt,
