1520 2481
777 103 833 167 74
165 206 1441 262 es dem Herrn Privatdocenten der Philoſophie nicht übel nehmen, daß es für ihn zu
167 248 1439 308 ſchwer geweſen iſt, in dem Summarium „Rechte“ der Untergebenen zu entdecken, ob⸗
169 295 1441 359 gleich ihrer genug klar und deutlich darin enthalten ſind, aber um ſo mehr müſſen
171 343 1439 394 wir bedauern, daß er das vollſtändige Inſtitut nicht gekannt hat. Wenn er nicht
165 382 1441 446 ganz blind ſein ſollte, ſo hätte er in den Conſtitutionen geſehen, welche Pflichten
169 432 1441 485 die Obern gegenüber den Untergebenen haben¹, und dieſen Pflichten der Obern ent⸗
169 479 1441 531 ſprechen doch wohl „Rechte“ der Untergebenen; weiter hätte er geſehen, daß den
169 514 1441 576 Untergebenen auch nicht die Mittel fehlen, ihre „Rechte“ geltend zu machen, wenn ſie
163 560 1439 624 wollen. Ueber jede Anordnung ihrer Vorgeſetzten können ſie Beſchwerde führen bei
167 607 1437 665 den höhern Vorſtehern, und ſo eiferſüchtig wacht die Geſellſchaft über dieſes „Recht“,
167 657 1441 711 daß ſie jede Beeinträchtigung desſelben unmöglich macht durch das ſtrenge Verbot an
167 694 1441 752 die Obern, jemals Einſicht zu nehmen von der Correſpondenz der Untergebenen mit
167 740 1439 798 den höhern Vorgeſetzten, ſelbſt wenn die Untergebenen ihre Zuſtimmung dazu gäben².
169 787 1441 843 Ferner ſteht ihnen das Rechtsmittel der Appellation zur Verfügung, und ſogar von
167 837 1439 884 einer Entſcheidung des Generals können ſie noch appelliren an die Generalcongre⸗
169 874 1443 934 gation (alſo gleichſam an die ganze Geſellſchaft) und von dieſer in causa injuriae
165 915 1441 975 an den Papſt ſelbſt³. Ebenſo hätte er erſehen, daß die Untergebenen ſo wenig bloß
167 961 1443 1021 „die Pflicht des Schweigens“ haben, daß ſie in gewiſſen Fällen den General ſelbſt
171 1008 1443 1064 ſeiner Würde entſetzen und ihn ſogar aus dem Orden verſtoßen können⁴. Kurz, er
167 1050 1441 1106 hätte ſo viele „Rechte“ der Untergebenen geſehen, daß er lieber Untergebener als
165 1091 1443 1149 Oberer in der Geſellſchaſt ſein möchte. — Wenn Jemand bloß die von den Breslauer
169 1139 1441 1199 Gymnaſiaſten zu beobachtenden Regeln (die ſogen. Schulgeſetze) kännte und nun auf
169 1184 1441 1238 Grund derſelben die Anklage erhöbe, die Schüler der Breslauer Gymnaſien ſeien
171 1226 1443 1285 Sclaven, hätten keine „Rechte“ den Lehrern gegenüber, würde derſelbe, namentlich
171 1273 1443 1329 wenn er leicht die das Gymnaſium und beſonders die Lehrer betreffenden Geſetze hätte
171 1310 1441 1370 einſehen können, vernünftig handeln? würde er als Ehrenmann handeln? Was iſt
169 1362 1443 1414 alſo von dem zu halten, der gegen die Geſellſchaft Jeſu eine nach ſeiner eigenen An⸗
173 1403 1445 1467 ſicht ſehr ſchwere Anklage erhebt, ohne ſich die Mühe zu geben, aus leicht zugänglichen
169 1453 1174 1513 Quellen die Einrichtung des angeklagten Ordens kennen zu lernen.
235 1490 1441 1563 Aus ſeiner Behauptung, die Jeſuiten hätten ihren Obern gegenüber keine Rechte,
241 1610 1445 1672 ¹ Um nicht die zahlreichen einzelnen Stellen citiren zu müſſen, verweiſe ich der
163 1656 1441 1716 Kürze wegen auf den ganzen neunten Theil der Conſtitutionen, welcher die Regeln
169 1705 1439 1763 des Generalvorſtehers der Geſellſchaft enthält, ſowie auf die Reg. Praep. Provinc.,
167 1740 519 1800 Reg. Rector. u. ſ. w.
241 1780 1362 1848 ² Vgl. Congr. 21. Decr. 22; Instr. IX. 3; Ordin. c. IV. n. 5 u. ſ. w.
241 1835 1443 1887 ³ Privil. Soc. s. v. Appell. §. 2 in fin. — Dr. Weber nennt die Verfaſſung
167 1873 1443 1933 der Geſellſchaft Jeſu eine „abſolute“ (S. 36). Kann man in einem abſoluten
167 1922 1443 1978 Staat auch vom Herrſcher an die Kammern appelliren? Kann die Kammer in einem
167 1966 773 2034 abſoluten Staat den Herrſcher abſetzen?
233 2005 1445 2063 ⁴ Const. P. IX. c. 4. n. 6. 7. Unter den Gründen, welche die Untergebenen
169 2059 1447 2112 berechtigen, gegen den General einzuſchreiten, wird auch angeführt, „wenn er eine
169 2100 1447 2156 irrige Lehre feſthält“ (falsam habere doctrinam). Die Untergebenen haben alſo das
169 2143 1445 2206 Recht, über die Lehre ihres höchſten (alſo auch ihrer andern) Obern zu urtheilen.
169 2191 1447 2247 Nach Dr. Weber (S. 35) haben die Jeſuiten die Pflicht, in reiner Paſſivität die
171 2232 1445 2288 Intentionen ihres Generals in ſich aufzunehmen, und ohne irgendwie nachzudenken,
169 2276 1445 2342 zur Ausführung zu bringen. Ob der Herr Privatdocent wohl dieſe und ähnliche
173 2328 1029 2400 Sätze ohne irgendwie nachzudenken niedergeſchrieben hat?
