1520 2481
783 76 843 146 28
173 175 1457 239 behörden¹. Wichtiger für die Geſchichte des Placet iſt jedoch das große
177 229 1460 297 Werk de promulgatione legum, welches der ganz an die Janſeniſten
173 285 1455 351 verkaufte Löwener Profeſſor van Espen in demſelben Intereſſe verfaßte.
175 341 1460 415 In einem dicken Folioband häuft er Alles zuſammen, was je für die
177 403 1455 469 Nothwendigkeit des Placet zur Gültigkeit aller päpſtlichen Erlaſſe geſagt,
171 463 1457 521 worden iſt und ſich ſagen läßt. Seine Schrift wurde ſpäter bahnbrechend
179 512 1019 589 zur Einführung dieſer Theorie in Deutſchland.
264 564 1453 645 In Spanien ſind die erſten gewiſſen Verordnungen in Betreff
175 622 1462 694 des Placet von Karl V. Möglich, daß er und ſeine Günſtlinge die
171 680 1457 750 desfallſigen Anſchauungen aus den Niederlanden mit herübergenommen.
179 738 1460 808 Unzweifelhaft mußte dieſe Theorie ſich der zum Abſolutismus fortſchrei⸗
179 791 1462 866 tenden Monarchie empfehlen. Doch war die ſpaniſche Regierung lange
179 860 1464 930 Zeit bemüht, das Placet in Formen zu kleiden, welche für die kirchliche
181 909 1464 979 Auctorität weniger rückſichtslos waren². In der letzten Hälfte des
177 965 1462 1042 vorigen Jahrhunderts hörten dieſe Rückſichten auf. Spanien war reif
181 1029 1205 1095 geworden für die Regierung des elenden Friedensfürſten.
272 1087 1468 1151 Vielleicht war es der engen Verbindung zwiſchen der öſterreichiſchen
179 1132 1464 1205 und ſpaniſchen Monarchie zuzuſchreiben, daß auch die habsburgiſchen
175 1190 1464 1257 Kaiſer, wenn auch nur in ſehr vereinzelten Fällen, vom Placet Anwen⸗
181 1246 1464 1312 dung machten³. Im Ganzen genommen blieb dasſelbe in Deutſchland
179 1300 1464 1368 bis zur zweiten Hälfte des XVIII. Jahrhunderts unbekannt. Darum
175 1360 1466 1426 proteſtiren, als Kurfürſt Karl Theodor 1770 das Placet in Bayern
179 1420 1466 1490 einführen wollte⁴, die Biſchöfe der ſalzburgiſchen Kirchenprovinz auf das
186 1482 1464 1544 kräftigſte „gegen das königliche oder fürſtliche Placet, das neuerdings
186 1540 1466 1608 gegen die in Deutſchland geltenden Rechte und Gebräuche
184 1594 1464 1658 eingeführt werden ſoll.“ ⁵ Aber die Proteſtation konnte die Entwickelung
184 1647 1466 1716 des Placet nicht aufhalten, die nun auch in unſerm Vaterland um ſo
186 1705 1466 1775 raſcher, allgemeiner und rückſichtsloſer verlief, je weniger ſie früher darin
258 1840 1468 1897 ¹ Mehrere dieſer Erlaſſe werden von van Espen I. c. mitgetheilt. Man darf
186 1893 1464 1947 jedoch van Espen ſelbſt dort, wo er Quellenbelege gibt, nur mit der äußerſten Vor⸗
188 1933 1468 1988 ſicht gebrauchen. Ein gutes Correctiv iſt in der Schrift Acta Z. van Espen a.
190 1984 1466 2032 Bakhusio enthalten. Van Espen ſtützt ſich für die von ihm vertheidigte Ausdeh⸗
186 2019 1466 2081 nung des Placet beſonders auf die pragmatiſche Sanction Philipp's II. v. J. 1574,
186 2069 1075 2127 doch die wichtigſten Bedenken ſprechen gegen deren Echtheit.
260 2106 645 2162 ² Siehe Papius S. 188.
262 2146 1135 2210 ³ Siehe die hierhin gehörigen Edicte bei Papius S. 205.
258 2193 1464 2255 ⁴ Das kurfürſtliche Decret vom 3. April 1770 bei Meyr, Sammlung der Kur⸗
190 2239 1011 2301 pfalz⸗bayeriſchen a. u. b. Landesverordnung. II. 1099.
260 2284 947 2359 ⁵ Dalham, Concilia Salisburgensia p. 643.
