1520 2481
806 57 868 117 58
202 155 1480 212 lichen Geſetze decretirt hätten. Nein, es gibt Grenzen, welche auch der
202 204 1476 270 Staat einzuhalten genöthigt iſt! Rechtlich kann er nicht nach Be⸗
200 274 1478 326 lieben ſchalten und walten mit den Rechten ſeiner Unter⸗
200 322 1478 382 thanen, wenn auch ſeine Überlegenheit an phyſiſchen Kräften über
200 376 1480 442 Kirche, Gemeinde, Familie und Einzelne ihn einer großen Gefahr aus⸗
202 432 1040 506 ſetzt, ſeine Grenzen mißbräuchlich zu erweitern.
289 485 1482 562 2. Nur das iſt die Frage: Wo iſt die Grenze der ſtaat⸗
202 545 614 611 lichen Competenz?
291 595 1482 671 Iſt etwa das einſeitige Intereſſe des Staates der zuverläſſige
202 657 1484 725 Maßſtab ſeines Rechtes? An einem Intereſſe pflegt es freilich, wie den
204 713 1482 781 völkerrechtlichen und privatrechtlichen, ſo auch den ſtaatsrechtlichen Uſur⸗
202 771 1480 839 patoren nicht zu fehlen; ein ſolches hätten auch Caligula und Philipp IV.
202 829 1480 899 wohl anzuführen gewußt; aber ich glaube, man braucht eben nicht viel
204 893 1482 955 Rechtsſtudien gemacht zu haben, um das Widerrechtliche dieſes Maß⸗
202 944 1482 1015 ſtabes einzuſehen. Wenn das Intereſſe genügte, ein Recht zu begrün⸗
198 1000 1482 1070 den, ſo hätte in der That jeder Gauner ein unumſtößliches Recht auf
204 1058 771 1128 die volle Börſe des Reiſenden!
293 1116 1486 1178 3. Der wahre Maßſtab für den Umfang des ſtaatlichen
204 1176 1486 1234 Rechtes iſt, als letzter formaler Grund, einzig und allein
202 1226 1486 1292 der Wille des perſönlichen Gottes, welcher dem Staat
206 1283 1251 1354 einen beſtimmten Umfang von Rechten zuweist.
293 1343 1486 1405 Entweder iſt nämlich der Staat ein von Ewigkeit her beſtehendes
204 1395 1486 1463 Weſen, welches den Grund ſeines Daſeins in ſich ſelbſt trägt; oder er
202 1453 1488 1527 verdankt ſein Daſein mittelbar oder unmittelbar einem andern höchſten
204 1507 1488 1589 Weſen, nämlich Gott. Im erſten Fall könnte er freilich Anſpruch machen
204 1567 1488 1635 auf rechtliche Allgewalt, und Hegel'ſcher Pantheismus iſt in der That
206 1627 1484 1697 ganz beſonders zur wiſſenſchaftlichen Begründung der abſoluten Staats⸗
208 1687 1488 1749 omnipotenz ausgebeutet. Ihm iſt ja der Staat der perſönlich gewor⸗
208 1751 1488 1813 dene, präſente Gott. Drum braucht er ſein Recht aus keiner andern
210 1806 1488 1869 Quelle abzuleiten, während er ſelbſt, als der ſich ſelber denkende Gott,
208 1860 1486 1924 dem die Rechtsbildung obliegt, nothwendig die einzige Quelle iſt, aus
204 1910 1488 1980 welcher alle außer ihm liegenden Rechte, der Kirche, der Gemeinde, der
208 1974 1486 2044 Familie und der Einzelnen hervorfließen. Solche Hirngeſpinnſte in ihrer
208 2024 1486 2104 ganzen Conſequenz klar aufdecken und ſie widerlegen iſt Eins; wenig⸗
210 2079 1491 2158 ſtens für Jeden, dem ſeine fünf Sinne noch nicht abhanden gekommen
215 2139 1493 2216 ſind, und der nicht „vor lauter Gelehrſamkeit ſeinen eignen Vater nicht
206 2197 1488 2261 mehr kennt.“ Wenn man dagegen, was allein der geſunden Vernunft
206 2257 1488 2340 entſpricht, den Staat als Glied in der Ordnung der erſchaffenen Weſen
