<?xml version="1.0" encoding="UTF-8"  standalone="yes"?>
<PcGts xmlns="http://schema.primaresearch.org/PAGE/gts/pagecontent/2019-07-15" xmlns:xsi="http://www.w3.org/2001/XMLSchema-instance" xsi:schemaLocation="http://schema.primaresearch.org/PAGE/gts/pagecontent/2019-07-15 http://schema.primaresearch.org/PAGE/gts/pagecontent/2019-07-15/pagecontent.xsd">
  <Metadata externalRef="https://opendigi.ub.uni-tuebingen.de/opendigi/image/stml_1872_02/stml_1872_02_00045.jp2/full/full/0/default.jpg">
	<Creator>escriptorium</Creator>
	<Created>2022-02-23T19:09:10.736224+00:00</Created>
        <LastChange>2022-02-23T19:09:10.736239+00:00</LastChange>
  </Metadata>
  <Page imageFilename="stml_1872_02_00045.jpg" imageWidth="1520" imageHeight="2481">
    <TextRegion id="eSc_textblock_627ce8dc"  >
      <Coords points="767,97 711,97 711,49 758,49 767,97"/>
      <TextLine id="eSc_line_b55d5da3" >
        <Coords points="709,93 705,47 761,41 767,88 765,97 709,103"/>
        <Baseline points="709,93 767,88"/>
        <TextEquiv>
          <Unicode>39</Unicode>
        </TextEquiv>
      </TextLine>
    </TextRegion>
    <TextRegion id="eSc_textblock_3e8706ae"  >
      <Coords points="1387,1279 1247,1314 1280,1329 1189,1331 1387,1372 1379,2197 444,2216 479,2249 734,2265 742,2305 206,2305 165,2288 198,2224 99,2197 99,173 132,140 1379,165 1387,1279"/>
      <TextLine id="eSc_line_1abdc17c" >
        <Coords points="105,179 105,132 1373,132 1373,194 1369,202 101,194"/>
        <Baseline points="105,179 1373,194"/>
        <TextEquiv>
          <Unicode>„Brüder! Zu Brüſſel verſammelte Arbeiter! Empfanget unſeren Gruß,</Unicode>
        </TextEquiv>
      </TextLine>
      <TextLine id="eSc_line_5f738d5a" >
        <Coords points="107,233 107,192 423,202 508,198 641,192 643,192 643,192 643,192 645,192 645,192 667,202 676,204 703,202 779,194 779,194 781,194 781,194 783,194 783,194 783,194 804,204 810,206 847,204 994,196 996,196 996,196 996,196 1050,208 1062,210 1079,208 1168,198 1168,198 1170,198 1170,198 1172,198 1218,212 1222,212 1224,212 1253,200 1253,200 1255,200 1255,200 1257,200 1344,200 1344,200 1344,200 1346,200 1346,200 1348,200 1373,215 1371,250 1366,266 1187,258 1174,264 1162,268 1162,268 1160,268 1160,268 1160,268 1158,268 1158,268 1156,268 1156,268 1156,268 1143,262 1133,258 1120,262 1104,268 1104,268 1102,268 1102,268 1102,270 901,270 899,268 899,268 897,268 897,268 866,258 858,254 852,258 839,266 837,266 837,266 837,266 835,266 835,266 835,268 771,268 769,266 639,252 622,252 614,252 562,262 562,262 562,262 560,262 560,262 558,262 512,250 506,250 502,250 440,262 440,262 440,262 438,262 438,262 436,262 436,262 436,262 434,262 413,248 411,248 399,248 277,260 277,260 275,260 275,260 272,260 272,260 272,260 270,260 270,260 252,246 252,246 252,246 159,258 159,258 157,258 157,258 157,258 155,258 101,241"/>
        <Baseline points="107,233 1371,250"/>
        <TextEquiv>
          <Unicode>unſeren Beitritt und unſer Verſprechen, beizutragen zu dem Werke,</Unicode>
        </TextEquiv>
      </TextLine>
      <TextLine id="eSc_line_ecccaf23" >
        <Coords points="107,293 109,246 142,258 1369,258 1371,303 1366,316 103,305"/>
        <Baseline points="107,293 1371,303"/>
        <TextEquiv>
          <Unicode>welches darauf hinzielt, die Emancipation des Proletariers vorzubereiten</Unicode>
        </TextEquiv>
      </TextLine>
      <TextLine id="eSc_line_fd7a45cd" >
        <Coords points="105,349 105,305 1369,320 1371,359 1366,374 101,359"/>
        <Baseline points="105,349 1371,359"/>
        <TextEquiv>
          <Unicode>und die Menſchheit unter dem Banner der Demokratie zu vereinen;</Unicode>
        </TextEquiv>
      </TextLine>
      <TextLine id="eSc_line_05a0f427" >
        <Coords points="105,407 105,351 165,353 165,353 165,353 167,353 167,353 169,353 194,370 275,370 291,355 291,355 293,355 293,355 293,355 295,355 295,355 297,355 297,355 297,355 299,355 299,355 299,355 301,355 301,355 316,370 473,370 529,359 552,355 552,355 552,355 554,355 622,361 734,372 796,365 864,357 864,357 866,357 866,357 866,357 909,368 938,374 990,370 1087,359 1087,359 1089,359 1089,359 1089,359 1139,370 1228,361 1228,361 1230,361 1230,361 1232,361 1232,361 1232,361 1234,361 1234,361 1247,372 1313,361 1313,361 1315,361 1315,361 1315,361 1317,361 1375,378 1373,417 1369,434 101,419"/>
        <Baseline points="105,407 1373,417"/>
        <TextEquiv>
          <Unicode>hiefür werden wir jetzt und immer zu euch ſtehen. Der Secretär Vin⸗</Unicode>
        </TextEquiv>
      </TextLine>
      <TextLine id="eSc_line_790a2a04" >
        <Coords points="103,461 101,425 215,417 217,417 217,417 217,417 219,417 244,423 256,427 262,423 277,417 277,417 277,417 279,417 279,417 279,417 281,417 281,417 322,423 345,427 353,423 366,417 366,417 366,417 368,417 368,417 370,417 370,417 370,417 403,423 434,430 490,423 533,419 533,419 535,419 535,419 537,419 537,419 537,419 539,419 539,419 543,423 554,432 787,432 800,423 800,421 800,421 802,421 802,421 802,421 804,421 804,421 804,421 806,421 806,421 806,421 808,421 808,421 812,423 835,434 849,423 852,423 852,423 852,423 852,423 854,423 854,423 856,423 856,423 856,423 858,423 918,434 988,423 994,461 992,489 248,492 246,492 99,479"/>
        <Baseline points="105,463 558,473 895,473 995,462"/>
        <TextEquiv>
          <Unicode>cenz Pariſi. Der Präſident Salvator Neltone!“¹</Unicode>
        </TextEquiv>
      </TextLine>
      <TextLine id="eSc_line_a188e562" >
        <Coords points="192,525 192,483 1375,489 1375,529 1371,547 188,541"/>
        <Baseline points="192,525 1375,529"/>
        <TextEquiv>
          <Unicode>Um dieſelbe Zeit erklärten auch die zu Genua verſammelten Ar⸗</Unicode>
        </TextEquiv>
      </TextLine>
      <TextLine id="eSc_line_0610c957" >
        <Coords points="103,578 103,525 167,535 1369,535 1373,587 1369,605 101,587"/>
        <Baseline points="103,578 1373,587"/>
        <TextEquiv>
          <Unicode>beiterverbindungen Liguriens laut ihre Sympathie für die Ideen, auf</Unicode>
        </TextEquiv>
      </TextLine>
      <TextLine id="eSc_line_1c8b7b8b" >
        <Coords points="103,632 103,583 244,595 337,587 355,585 355,585 357,585 357,585 374,587 428,595 450,589 454,587 457,587 457,587 457,587 459,587 523,589 732,599 775,593 814,589 814,589 816,589 816,589 816,589 818,589 818,589 818,589 821,589 829,595 837,599 893,595 969,591 971,591 971,591 971,591 974,591 998,597 1015,601 1040,599 1096,591 1096,591 1098,591 1098,591 1098,591 1100,591 1100,591 1100,591 1116,599 1125,603 1170,601 1288,593 1290,593 1290,593 1375,605 1377,642 1375,659 359,659 357,657 213,647 155,655 155,655 153,655 153,655 153,655 101,642"/>
        <Baseline points="103,632 1377,642"/>
        <TextEquiv>
          <Unicode>deren Triumph die Internationale losſteuere. Die Bewegung gewann</Unicode>
        </TextEquiv>
      </TextLine>
      <TextLine id="eSc_line_3b7f54e4" >
        <Coords points="105,688 105,645 1371,659 1373,698 1369,721 1073,711 854,713 614,717 612,717 612,717 610,717 610,717 589,709 581,707 527,709 378,715 376,715 376,715 376,715 374,715 374,715 372,715 357,705 355,705 330,705 181,713 179,713 179,713 101,700"/>
        <Baseline points="105,688 1373,698"/>
        <TextEquiv>
          <Unicode>an Leben; die Arbeiter von Florenz und anderen Städten betheiligten ſich.</Unicode>
        </TextEquiv>
      </TextLine>
      <TextLine id="eSc_line_8b946ee5" >
        <Coords points="188,752 188,709 1371,709 1373,756 1373,764 1338,777 1335,777 1335,777 1335,777 1333,777 1333,777 1333,777 1331,777 1296,767 1286,777 1286,777 1284,777 1284,777 1284,777 1282,777 1282,777 1282,779 1174,779 1172,777 1172,777 1170,777 1170,777 1170,777 1168,777 1168,777 1168,775 1158,767 1158,767 926,767 924,767 914,777 914,777 912,777 912,777 912,777 909,777 909,777 909,777 907,777 907,777 831,767 818,767 186,769"/>
        <Baseline points="188,752 1373,756"/>
        <TextEquiv>
          <Unicode>Unter dieſen günſtigen Ausſichten legte die Section von Neapel</Unicode>
        </TextEquiv>
      </TextLine>
      <TextLine id="eSc_line_24a05ae9" >
        <Coords points="101,800 101,756 165,769 175,760 175,758 175,758 177,758 177,758 177,758 179,758 179,758 179,758 181,758 181,758 250,769 304,758 310,758 310,758 312,758 312,758 326,758 438,773 560,773 568,762 570,762 570,760 570,760 572,760 572,760 572,760 574,760 574,760 576,760 576,760 610,764 672,771 686,764 698,760 698,760 701,760 701,760 701,760 703,760 703,760 703,760 705,760 721,764 744,773 864,769 994,762 996,762 996,762 996,762 998,762 998,762 1017,771 1025,773 1087,771 1304,764 1306,764 1306,764 1369,777 1371,810 1366,833 940,822 849,827 746,831 744,831 744,831 742,831 742,831 723,824 711,820 632,822 490,829 488,829 488,829 405,820 384,818 357,818 208,827 206,827 206,827 97,814"/>
        <Baseline points="101,800 672,814 1371,810"/>
        <TextEquiv>
          <Unicode>die letzte Hand an ihre eigene Organiſation. In einer Verſammlung</Unicode>
        </TextEquiv>
      </TextLine>
      <TextLine id="eSc_line_8308354f" >
        <Coords points="101,860 99,824 179,814 179,814 181,814 181,814 239,824 241,824 241,824 254,814 254,814 256,814 256,814 258,814 258,814 258,814 260,814 260,814 260,814 262,814 262,814 287,824 287,824 293,824 471,816 473,816 473,816 473,816 475,816 475,816 475,816 477,816 477,816 477,818 488,827 488,829 574,829 574,827 599,816 599,816 601,816 601,816 601,816 603,816 603,816 605,816 605,816 634,829 639,829 663,829 849,818 852,818 852,818 852,818 854,818 854,818 856,818 856,818 870,831 870,831 870,831 883,820 885,820 885,820 885,820 887,820 887,820 889,820 889,820 889,820 891,820 920,831 924,831 930,831 992,820 992,820 994,820 1369,835 1371,870 1369,880 864,889 862,889 99,870"/>
        <Baseline points="101,860 1371,870"/>
        <TextEquiv>
          <Unicode>am 31. Januar 1869 adoptirte ſie förmlich die Statuten und das Pro⸗</Unicode>
        </TextEquiv>
      </TextLine>
      <TextLine id="eSc_line_47712ad2" >
        <Coords points="101,917 101,870 177,882 190,872 190,872 192,872 192,872 192,872 194,872 194,872 196,872 196,872 196,872 198,872 198,872 198,872 200,872 200,872 213,884 318,884 335,874 337,872 339,872 339,872 339,872 341,872 341,872 343,872 343,872 343,872 345,872 345,872 345,872 347,872 347,872 347,874 347,874 359,884 496,876 550,874 552,874 552,874 552,874 572,878 612,889 858,889 862,882 870,876 870,876 872,876 872,876 872,876 874,876 874,876 874,876 876,876 876,876 878,876 907,884 918,886 926,884 957,876 959,876 959,876 959,876 961,876 961,876 963,876 963,876 963,876 984,886 990,889 1005,886 1054,876 1054,876 1054,876 1056,876 1056,876 1058,876 1058,876 1058,876 1060,876 1060,876 1060,878 1071,886 1073,889 1091,889 1213,878 1216,878 1216,878 1216,878 1218,878 1218,878 1218,878 1220,878 1234,889 1244,880 1244,878 1244,878 1247,878 1247,878 1247,878 1249,878 1249,878 1251,878 1251,878 1251,878 1253,878 1253,878 1280,889 1344,878 1344,878 1346,878 1346,878 1346,878 1348,878 1348,878 1348,878 1350,878 1373,893 1371,928 1366,938 99,928"/>
        <Baseline points="101,917 1371,928"/>
        <TextEquiv>
          <Unicode>gramm der Internationale und ernannte ein Comité, welches in fol⸗</Unicode>
        </TextEquiv>
      </TextLine>
      <TextLine id="eSc_line_1136181c" >
        <Coords points="101,975 101,936 1373,942 1373,984 1371,994 1135,1006 1133,1006 1133,1006 1133,1006 1073,996 1060,1006 1060,1006 1058,1006 1058,1006 1058,1006 1056,1006 1056,1006 1054,1006 1054,1006 955,996 909,1004 909,1004 909,1004 907,1004 907,1004 905,1004 905,1004 905,1004 903,1004 887,994 887,994 885,994 787,1004 787,1004 785,1004 785,1004 727,992 719,992 713,992 678,1002 676,1002 676,1002 676,1002 674,1002 674,1002 610,992 601,992 599,992 581,1002 581,1002 581,1002 579,1002 579,1002 579,1004 457,1004 454,1002 97,990"/>
        <Baseline points="101,975 1373,984"/>
        <TextEquiv>
          <Unicode>gender Weiſe zuſammengeſetzt war: Stephan Caporuſſo, Schneider, Prä⸗</Unicode>
        </TextEquiv>
      </TextLine>
      <TextLine id="eSc_line_7cb79474" >
        <Coords points="103,1031 103,984 179,994 378,986 413,986 415,986 415,986 417,986 417,986 417,986 419,986 419,986 419,988 419,988 430,996 645,990 734,988 736,988 736,988 738,988 738,988 738,988 740,988 740,988 740,990 742,992 750,1000 1371,1000 1373,1039 1369,1060 99,1052"/>
        <Baseline points="103,1031 1373,1039"/>
        <TextEquiv>
          <Unicode>ſident; Chriſtian Fucci, Schreiner, Vicepräſident; Franz Cirma, Schreiner,</Unicode>
        </TextEquiv>
      </TextLine>
      <TextLine id="eSc_line_a009de86" >
        <Coords points="103,1089 103,1042 171,1054 306,1044 328,1044 330,1044 330,1044 347,1046 430,1056 537,1048 585,1046 587,1046 587,1046 587,1046 589,1046 589,1046 589,1046 591,1046 595,1050 608,1056 715,1052 816,1048 818,1048 903,1056 943,1058 957,1056 998,1048 998,1048 998,1048 1000,1048 1145,1060 1166,1060 1180,1060 1356,1050 1358,1050 1358,1050 1358,1050 1360,1050 1360,1050 1360,1050 1362,1050 1362,1050 1362,1052 1375,1064 1373,1097 1371,1120 740,1120 738,1118 657,1110 630,1108 589,1110 432,1116 430,1116 430,1116 428,1116 428,1116 428,1116 407,1106 405,1106 374,1106 169,1114 167,1114 167,1114 99,1101"/>
        <Baseline points="103,1089 1373,1097"/>
        <TextEquiv>
          <Unicode>Secretär; Antonian Giuſtiniani, Bildhauer, Schatzmeiſter. Zugleich</Unicode>
        </TextEquiv>
      </TextLine>
      <TextLine id="eSc_line_037acef2" >
        <Coords points="103,1145 103,1099 339,1099 339,1099 339,1099 341,1099 341,1099 341,1099 343,1099 361,1110 548,1101 562,1101 564,1101 564,1101 564,1101 568,1101 620,1112 804,1104 810,1104 812,1104 812,1104 816,1104 901,1114 1091,1106 1096,1106 1098,1106 1098,1106 1098,1106 1100,1106 1100,1106 1100,1106 1125,1116 1373,1108 1377,1155 1375,1168 1205,1180 1203,1180 1203,1180 1203,1180 1201,1180 1201,1180 1201,1180 1199,1180 1199,1180 1187,1170 1091,1178 1091,1178 1089,1178 1089,1178 1087,1178 1087,1178 1087,1178 1067,1168 614,1176 612,1176 612,1176 502,1164 467,1174 465,1174 465,1174 465,1176 376,1176 374,1174 374,1174 372,1174 372,1174 372,1174 370,1174 370,1174 370,1172 359,1164 206,1172 204,1172 204,1172 99,1157"/>
        <Baseline points="103,1145 1377,1155"/>
        <TextEquiv>
          <Unicode>conſtituirte ſie ſich als „Centralſection für Italien“, während eine zweite</Unicode>
        </TextEquiv>
      </TextLine>
      <TextLine id="eSc_line_78fb30fa" >
        <Coords points="103,1201 103,1153 469,1170 1371,1170 1373,1215 1371,1226 1319,1236 1319,1236 1317,1236 1060,1226 1042,1236 1040,1236 1040,1236 1040,1236 1038,1236 1038,1236 1036,1236 1036,1236 1036,1236 971,1223 971,1223 971,1223 856,1234 856,1234 854,1234 854,1234 852,1234 852,1234 821,1223 473,1230 471,1230 99,1213"/>
        <Baseline points="103,1201 1373,1215"/>
        <TextEquiv>
          <Unicode>desſelben Namens, wohl für die Emigrirten, in Genf unter dem Vorſitz</Unicode>
        </TextEquiv>
      </TextLine>
      <TextLine id="eSc_line_101557f4" >
        <Coords points="101,1254 101,1215 204,1226 283,1217 299,1215 299,1215 301,1215 301,1215 314,1217 374,1228 390,1217 390,1217 392,1217 392,1217 392,1217 394,1217 394,1217 397,1217 397,1217 397,1217 399,1217 401,1217 436,1228 504,1219 521,1217 521,1217 523,1217 523,1217 523,1217 535,1219 579,1228 622,1219 643,1217 643,1217 645,1217 645,1217 645,1217 647,1217 647,1217 647,1217 653,1221 667,1228 686,1221 698,1217 701,1217 701,1217 701,1217 703,1217 703,1217 703,1217 705,1217 705,1217 705,1217 713,1221 725,1228 754,1221 777,1217 777,1217 777,1217 779,1217 779,1217 829,1223 893,1230 907,1223 916,1219 916,1219 916,1219 918,1219 918,1219 920,1219 920,1219 920,1219 945,1223 976,1232 1067,1232 1075,1226 1081,1219 1081,1219 1083,1219 1083,1219 1083,1219 1085,1219 1085,1219 1087,1219 1375,1230 1377,1269 1377,1277 1346,1290 1346,1290 1344,1290 1344,1290 1344,1290 1342,1290 1170,1279 936,1290 934,1290 934,1290 934,1290 932,1290 932,1290 930,1290 912,1279 496,1288 494,1288 494,1288 494,1288 442,1277 179,1285 177,1285 177,1285 99,1273"/>
        <Baseline points="101,1254 399,1269 1377,1269"/>
        <TextEquiv>
          <Unicode>eines gewiſſen B. Roſſetti beſtand. Einige Monate ſpäter erließ ſie</Unicode>
        </TextEquiv>
      </TextLine>
      <TextLine id="eSc_line_f3c9d1e4" >
        <Coords points="103,1316 103,1267 167,1279 200,1269 202,1269 202,1269 202,1269 202,1269 204,1269 204,1269 204,1269 322,1281 372,1271 378,1271 378,1271 378,1271 380,1271 380,1271 382,1271 382,1271 382,1271 384,1271 384,1271 401,1281 498,1273 519,1273 521,1273 521,1273 521,1273 523,1273 523,1273 527,1275 550,1283 694,1277 769,1275 771,1275 771,1275 771,1275 796,1279 827,1285 841,1281 858,1275 858,1275 860,1275 860,1275 862,1275 862,1275 862,1275 864,1275 864,1275 866,1275 874,1281 885,1288 1147,1288 1149,1327 1145,1345 1019,1341 1015,1343 1007,1352 1007,1354 1007,1354 1005,1354 1005,1354 1005,1354 1002,1354 1002,1354 1002,1356 957,1356 955,1354 789,1341 763,1339 761,1339 748,1352 748,1352 746,1352 746,1352 746,1352 744,1352 744,1352 744,1352 742,1352 742,1352 740,1352 740,1352 740,1352 717,1341 585,1350 583,1350 583,1350 583,1350 581,1350 581,1350 581,1350 579,1350 579,1350 579,1348 566,1337 566,1335 438,1335 436,1335 415,1348 413,1348 413,1348 411,1348 411,1348 411,1348 409,1348 409,1348 407,1348 366,1337 335,1348 335,1348 332,1348 332,1348 330,1348 330,1348 330,1348 268,1333 266,1333 266,1333 157,1345 157,1345 155,1345 155,1345 153,1345 97,1329"/>
        <Baseline points="103,1316 1149,1327"/>
        <TextEquiv>
          <Unicode>folgendes Manifeſt an die geſammte Arbeiterwelt Italiens:</Unicode>
        </TextEquiv>
      </TextLine>
      <TextLine id="eSc_line_b36574db" >
        <Coords points="177,1389 175,1345 1342,1352 1375,1385 1373,1395 177,1399"/>
        <Baseline points="177,1389 1375,1385"/>
        <TextEquiv>
          <Unicode>„An unſere Brüder! Wir neapolitaniſche Arbeiter haben uns in der Zahl von</Unicode>
        </TextEquiv>
      </TextLine>
      <TextLine id="eSc_line_28b1ca8e" >
        <Coords points="101,1420 101,1385 233,1385 233,1385 233,1385 235,1385 235,1385 235,1385 237,1385 237,1385 237,1385 252,1395 326,1387 343,1385 343,1385 345,1385 384,1387 521,1395 556,1389 574,1385 574,1385 574,1385 576,1385 576,1385 603,1389 647,1397 1009,1397 1013,1393 1021,1385 1021,1385 1023,1385 1023,1385 1023,1385 1025,1385 1025,1385 1025,1385 1027,1385 1027,1385 1093,1393 1110,1395 1114,1393 1131,1385 1131,1385 1131,1385 1133,1385 1133,1385 1133,1385 1135,1385 1135,1385 1137,1385 1172,1395 1176,1395 1180,1395 1207,1385 1207,1385 1209,1385 1209,1385 1211,1385 1211,1385 1211,1385 1213,1385 1213,1385 1213,1385 1216,1385 1216,1385 1226,1395 1228,1397 1371,1397 1375,1430 1373,1438 250,1449 248,1449 99,1438"/>
        <Baseline points="101,1420 417,1434 1375,1430"/>
        <TextEquiv>
          <Unicode>1200 Mann zur Bildung der Section Neapel von der internationalen Arbeiterver⸗</Unicode>
        </TextEquiv>
      </TextLine>
      <TextLine id="eSc_line_100416f7" >
        <Coords points="103,1465 103,1430 1373,1443 1375,1478 1373,1484 626,1494 624,1494 624,1494 552,1484 548,1484 103,1484"/>
        <Baseline points="103,1465 349,1478 1375,1478"/>
        <TextEquiv>
          <Unicode>bindung zuſammengethan. — Brüder der übrigen Provinzen Italiens! Kommt, ver⸗</Unicode>
        </TextEquiv>
      </TextLine>
      <TextLine id="eSc_line_43e48da2" >
        <Coords points="103,1509 103,1472 432,1484 539,1474 539,1474 541,1474 541,1474 541,1474 543,1474 576,1486 798,1486 814,1474 816,1474 816,1474 816,1474 818,1474 818,1474 818,1474 821,1474 821,1474 821,1474 823,1474 823,1474 823,1474 823,1474 825,1474 825,1474 825,1476 835,1484 1002,1476 1005,1476 1005,1476 1077,1486 1108,1476 1108,1476 1110,1476 1110,1476 1112,1476 1112,1476 1114,1476 1114,1476 1145,1486 1373,1476 1377,1523 1373,1532 101,1527"/>
        <Baseline points="103,1509 413,1523 1377,1523"/>
        <TextEquiv>
          <Unicode>mehrt unſere Reihen. Vereinigen wir uns mit unſeren Brüdern der ganzen Welt</Unicode>
        </TextEquiv>
      </TextLine>
      <TextLine id="eSc_line_ca8bbc23" >
        <Coords points="101,1552 101,1517 206,1517 206,1517 206,1517 208,1517 208,1517 208,1517 210,1517 210,1517 210,1517 223,1527 591,1521 783,1519 785,1519 785,1519 827,1523 868,1532 1375,1532 1377,1567 1375,1575 796,1585 794,1585 794,1585 723,1575 223,1583 221,1583 99,1571"/>
        <Baseline points="101,1552 368,1567 1377,1567"/>
        <TextEquiv>
          <Unicode>durch den Bund der Internationale! — Alle Jene, welche von ihrer productiven</Unicode>
        </TextEquiv>
      </TextLine>
      <TextLine id="eSc_line_0267ac65" >
        <Coords points="103,1596 103,1563 264,1575 533,1575 550,1567 558,1563 558,1563 560,1563 560,1563 560,1563 562,1563 562,1563 564,1563 564,1563 564,1563 572,1567 587,1575 696,1575 705,1567 709,1563 709,1563 711,1563 711,1563 711,1563 713,1563 713,1563 715,1563 715,1563 715,1563 717,1563 734,1567 752,1573 831,1569 936,1563 938,1563 1371,1575 1375,1608 1371,1625 101,1618"/>
        <Baseline points="103,1596 405,1612 1375,1608"/>
        <TextEquiv>
          <Unicode>Arbeit leben, ſind Arbeiter. Sie haben die nämliche Geſchichte und eine gemeinſame</Unicode>
        </TextEquiv>
      </TextLine>
      <TextLine id="eSc_line_2faf4334" >
        <Coords points="103,1641 103,1606 457,1618 490,1608 492,1608 492,1608 492,1608 494,1608 494,1608 496,1608 496,1608 496,1608 519,1618 583,1608 585,1608 585,1608 587,1608 593,1608 893,1620 928,1610 930,1610 930,1610 930,1610 932,1610 932,1610 932,1610 934,1610 934,1610 957,1620 971,1610 974,1610 974,1610 974,1610 976,1610 976,1610 976,1610 976,1610 978,1610 978,1610 978,1610 1040,1620 1052,1610 1052,1610 1054,1610 1054,1610 1054,1610 1056,1610 1056,1610 1056,1610 1058,1610 1058,1610 1058,1610 1060,1610 1060,1610 1060,1610 1062,1610 1062,1610 1077,1620 1371,1612 1375,1656 1371,1664 99,1660"/>
        <Baseline points="103,1641 407,1656 1375,1656"/>
        <TextEquiv>
          <Unicode>Beſtimmung; ſie haben die nämlichen Leiden in den Jahrhunderten von der alten</Unicode>
        </TextEquiv>
      </TextLine>
      <TextLine id="eSc_line_48ae0353" >
        <Coords points="103,1687 103,1651 1371,1664 1375,1697 1371,1707 101,1705"/>
        <Baseline points="103,1687 519,1701 1375,1697"/>
        <TextEquiv>
          <Unicode>Sklaverei an bis zum Proletariat unſerer Zeit erfahren; und beſonders empfinden ſie</Unicode>
        </TextEquiv>
      </TextLine>
      <TextLine id="eSc_line_f0b3c654" >
        <Coords points="103,1730 103,1693 1373,1707 1375,1744 1373,1753 860,1763 858,1763 101,1749"/>
        <Baseline points="103,1730 392,1744 1375,1744"/>
        <TextEquiv>
          <Unicode>heutzutage das gleiche Bedürfniß, jene Gerechtigkeit, welche ihnen von der menſchlichen</Unicode>
        </TextEquiv>
      </TextLine>
      <TextLine id="eSc_line_cb9bbb91" >
        <Coords points="103,1771 103,1736 258,1736 258,1736 258,1736 260,1736 268,1738 314,1749 535,1742 595,1740 597,1740 597,1740 614,1742 661,1751 825,1747 949,1742 951,1742 1017,1749 1062,1753 1071,1749 1085,1742 1085,1742 1085,1742 1087,1742 1087,1742 1087,1742 1089,1742 1199,1751 1224,1753 1236,1753 1298,1742 1298,1742 1300,1742 1300,1742 1373,1755 1375,1790 1373,1798 1046,1811 1044,1811 1044,1811 971,1798 930,1809 928,1809 928,1809 928,1811 794,1811 792,1809 792,1809 789,1809 789,1809 789,1809 787,1809 787,1809 775,1798 641,1809 639,1809 99,1792"/>
        <Baseline points="103,1771 351,1788 1375,1790"/>
        <TextEquiv>
          <Unicode>Geſellſchaft bis jetzt noch nie gewährt worden iſt, für ſich zu reclamiren. So lange</Unicode>
        </TextEquiv>
      </TextLine>
      <TextLine id="eSc_line_d18b2c9a" >
        <Coords points="101,1817 101,1782 217,1792 295,1784 301,1784 301,1784 304,1784 304,1784 304,1784 306,1784 306,1784 306,1784 330,1794 719,1790 943,1788 945,1788 945,1788 978,1794 1002,1798 1011,1794 1023,1788 1023,1788 1023,1788 1025,1788 1025,1788 1025,1788 1027,1788 1027,1788 1087,1796 1112,1798 1131,1796 1184,1788 1184,1788 1187,1788 1187,1788 1302,1798 1309,1798 1309,1798 1329,1788 1329,1788 1329,1788 1331,1788 1331,1788 1333,1788 1333,1788 1333,1788 1335,1788 1375,1800 1375,1833 1375,1842 1342,1854 1342,1854 1340,1854 1340,1854 1338,1854 1338,1854 1259,1844 1174,1854 1174,1854 1172,1854 1172,1854 1172,1854 1170,1854 1170,1854 1170,1854 1168,1854 1168,1854 1156,1844 1036,1854 1036,1854 1034,1854 1034,1854 1031,1854 980,1842 959,1852 959,1852 959,1852 957,1852 957,1852 955,1852 955,1852 845,1842 630,1852 628,1852 628,1852 628,1852 626,1852 587,1842 272,1850 270,1850 97,1835"/>
        <Baseline points="101,1817 434,1833 1375,1833"/>
        <TextEquiv>
          <Unicode>ſie aber getheilt oder ſchlecht verbunden bleiben, werden ſie nicht ſiegen können. Die</Unicode>
        </TextEquiv>
      </TextLine>
      <TextLine id="eSc_line_605ddd94" >
        <Coords points="101,1860 101,1827 1373,1842 1375,1877 1373,1887 328,1891 326,1891 326,1891 324,1891 324,1891 324,1891 322,1891 306,1881 304,1881 101,1881"/>
        <Baseline points="101,1860 359,1877 1375,1877"/>
        <TextEquiv>
          <Unicode>internationale Verbindung macht uns ſtark und ſichert uns den Sieg, indem ſie uns</Unicode>
        </TextEquiv>
      </TextLine>
      <TextLine id="eSc_line_972bc7d7" >
        <Coords points="103,1904 103,1871 241,1881 1366,1879 1373,1918 1371,1931 789,1941 787,1941 99,1926"/>
        <Baseline points="103,1904 475,1922 1373,1918"/>
        <TextEquiv>
          <Unicode>insgeſammt wirklich vereinigt. Sie allein vermag durch alle möglichen Mittel die öko⸗</Unicode>
        </TextEquiv>
      </TextLine>
      <TextLine id="eSc_line_77ac8026" >
        <Coords points="103,1947 103,1914 291,1926 643,1922 845,1920 847,1920 847,1920 849,1920 868,1926 885,1931 909,1926 951,1920 951,1920 953,1920 953,1920 953,1920 955,1920 955,1920 957,1920 957,1920 965,1928 971,1933 1065,1933 1069,1928 1087,1920 1087,1920 1087,1920 1089,1920 1089,1920 1089,1920 1091,1920 1091,1920 1093,1920 1093,1920 1093,1920 1096,1920 1096,1920 1096,1922 1104,1931 1108,1933 1158,1931 1346,1922 1348,1922 1348,1922 1348,1922 1350,1922 1350,1922 1350,1922 1373,1935 1373,1968 1369,1988 99,1970"/>
        <Baseline points="103,1947 407,1966 1373,1968"/>
        <TextEquiv>
          <Unicode>nomiſche und ſittliche Lage des Arbeiters zu verbeſſern; ſie allein kann uns endgiltig</Unicode>
        </TextEquiv>
      </TextLine>
      <TextLine id="eSc_line_e303e8f8" >
        <Coords points="99,1991 99,1964 628,1972 651,1968 690,1962 690,1962 690,1962 692,1962 802,1970 862,1976 1290,1976 1315,1976 1342,1964 1342,1964 1344,1964 1344,1964 1344,1964 1346,1964 1346,1964 1348,1964 1348,1964 1348,1964 1373,1976 1375,2007 1373,2017 996,2032 994,2032 994,2032 992,2032 992,2032 992,2032 990,2032 990,2032 990,2030 980,2019 885,2019 862,2032 860,2032 860,2032 858,2032 858,2032 858,2032 856,2032 605,2022 330,2030 328,2030 328,2030 326,2030 326,2030 293,2015 95,2013"/>
        <Baseline points="99,1991 463,2011 1375,2007"/>
        <TextEquiv>
          <Unicode>von der Übermacht der bevorzugten Claſſen befreien, indem ſie in der Gegenwart die</Unicode>
        </TextEquiv>
      </TextLine>
      <TextLine id="eSc_line_4384872a" >
        <Coords points="101,2034 101,2003 258,2005 258,2005 258,2005 260,2005 260,2005 262,2005 262,2005 272,2013 281,2007 281,2005 281,2005 283,2005 283,2005 283,2005 285,2005 285,2005 285,2005 285,2005 287,2005 287,2005 287,2005 289,2005 289,2005 289,2005 291,2005 308,2017 1369,2017 1373,2050 1371,2069 585,2075 583,2075 583,2075 581,2075 581,2075 558,2065 543,2075 541,2075 541,2075 541,2075 539,2075 539,2075 539,2077 330,2077 328,2075 99,2061"/>
        <Baseline points="101,2034 388,2055 1373,2050"/>
        <TextEquiv>
          <Unicode>Ungleichheit beſeitigt, wodurch ſich die Menſchen in Müßiggänger und Arbeiter, in</Unicode>
        </TextEquiv>
      </TextLine>
      <TextLine id="eSc_line_dab70bfb" >
        <Coords points="101,2079 101,2050 785,2065 1125,2065 1131,2061 1151,2053 1151,2053 1153,2053 1153,2053 1153,2053 1156,2053 1156,2053 1228,2063 1236,2063 1242,2063 1300,2053 1300,2053 1300,2053 1302,2053 1302,2053 1369,2065 1373,2096 1371,2104 721,2117 719,2117 719,2117 717,2117 682,2106 359,2115 357,2115 357,2115 355,2115 355,2115 355,2115 337,2104 320,2115 318,2115 318,2115 316,2115 316,2115 316,2115 314,2115 314,2115 312,2115 270,2104 260,2115 260,2115 258,2115 258,2115 258,2115 256,2115 256,2115 256,2115 254,2115 99,2102"/>
        <Baseline points="101,2079 438,2100 1373,2096"/>
        <TextEquiv>
          <Unicode>Privilegirte und Proletarier, Glückliche und Unglückliche, Henker und Opfer ſcheiden.</Unicode>
        </TextEquiv>
      </TextLine>
      <TextLine id="eSc_line_205d3b8c" >
        <Coords points="101,2123 101,2088 246,2100 279,2092 281,2092 281,2092 283,2092 283,2092 283,2092 285,2092 285,2092 287,2092 308,2104 343,2094 345,2094 345,2094 345,2094 347,2094 498,2106 787,2098 789,2098 932,2108 1017,2098 1062,2094 1062,2094 1065,2094 1065,2094 1067,2094 1067,2094 1083,2100 1102,2106 1168,2100 1226,2096 1226,2096 1228,2096 1228,2096 1230,2096 1253,2102 1288,2110 1369,2104 1373,2143 1371,2150 789,2160 787,2160 97,2141"/>
        <Baseline points="101,2123 438,2143 1373,2143"/>
        <TextEquiv>
          <Unicode>Ähnlich haben die vorhergegangenen Revolutionen den Unterſchied von Freien und</Unicode>
        </TextEquiv>
      </TextLine>
      <TextLine id="eSc_line_29656a2a" >
        <Coords points="101,2168 101,2131 208,2131 208,2131 208,2131 210,2131 210,2131 210,2131 210,2131 237,2146 415,2137 417,2137 417,2137 417,2137 419,2137 419,2137 444,2150 777,2150 812,2139 814,2139 814,2139 814,2139 816,2139 816,2139 909,2152 1075,2139 1077,2139 1077,2139 1077,2139 1145,2154 1172,2141 1172,2141 1172,2141 1174,2141 1174,2141 1176,2141 1176,2141 1176,2141 1228,2152 1249,2141 1249,2141 1249,2141 1251,2141 1251,2141 1253,2141 1375,2141 1375,2189 1371,2214 1271,2203 1232,2212 1207,2218 1207,2218 1207,2218 1205,2218 953,2216 953,2216 953,2216 951,2216 951,2216 928,2208 907,2199 887,2206 862,2214 860,2214 860,2214 860,2214 858,2214 858,2214 856,2214 856,2214 835,2206 821,2199 814,2206 806,2212 806,2214 804,2214 804,2214 804,2214 802,2214 802,2214 802,2216 707,2216 705,2214 705,2214 703,2214 703,2214 703,2214 701,2214 701,2214 686,2203 568,2212 566,2212 566,2212 566,2212 564,2212 519,2199 506,2197 496,2199 444,2212 444,2212 444,2212 442,2212 442,2212 442,2212 440,2212 401,2199 343,2210 343,2210 343,2210 341,2210 341,2210 339,2210 339,2210 339,2210 337,2210 337,2210 320,2195 318,2193 97,2191"/>
        <Baseline points="101,2168 498,2189 1375,2189"/>
        <TextEquiv>
          <Unicode>Sklaven, von Herren und Unterthanen aufgehoben. — Ihrem Ziele entſprechend iſt</Unicode>
        </TextEquiv>
      </TextLine>
      <TextLine id="eSc_line_87994236" >
        <Coords points="175,2286 181,2241 740,2263 742,2301 738,2319 626,2315 614,2319 593,2330 591,2330 589,2330 587,2330 585,2330 574,2319 568,2315 556,2319 531,2330 529,2330 527,2330 421,2328 419,2328 392,2319 372,2315 355,2319 345,2323 343,2323 341,2323 339,2323 337,2323 332,2319 316,2309 179,2319"/>
        <Baseline points="181,2286 742,2301"/>
        <TextEquiv>
          <Unicode>¹ O. Testut, l&#39;Internationale, 197 s.</Unicode>
        </TextEquiv>
      </TextLine>
    </TextRegion>
  </Page>
</PcGts>
