1520 2481
787 101 845 169 68
173 186 1455 252 gebers hinauszugehen, als das Geſetz über die Nationalgarde, und das andere über
177 241 1455 289 Zwangs⸗Entäußerung aus Gründen des öffentlichen Nutzens, welches Sie ſoeben er⸗
175 281 1457 341 laſſen haben. Wenn Gründe des öffentlichen Nutzens dem Geſetzgeber genügen, das
177 326 1455 382 Eigenthum anzutaſten, warum ſollte ein Nutzen viel höherer Ordnung ihm nicht ge⸗
175 372 1455 427 nügend ſein, weniger zu thun, nämlich zu verlangen, daß die Kinder den Unterricht
173 417 1455 473 empfangen, deſſen ein Jeder bedarf, um nicht ſich und der ganzen menſchlichen Geſell⸗
175 450 591 521 ſchaft ſchädlich zu werden?“
260 523 1460 597 In dieſen wenigen Worten Couſin's glaube ich drei weſentliche
173 583 701 657 Irrthümer rügen zu müſſen.
262 630 1460 702 Erſtens: Es iſt ein ſtärkerer Eingriff in die Privatrechte, Je⸗
173 694 1460 767 mandem ſeine Kinder zu entreißen, oder doch über ihr geiſtiges Sein
175 748 1460 827 zu verfügen, als ihm ein Grundſtück zu expropriiren; alſo iſt hier kein
173 808 1034 878 Schluß a pari, viel weniger a minori zuläſſig.
264 860 1460 940 Zweitens: Conſcriptions⸗Geſetze für das Militär können heut⸗
169 926 1460 998 zutage, wo Alles bis an die Zähne bewaffnet iſt, für den einzelnen Staat
169 982 1457 1056 eine Nothwendigkeit ſein; ebenſo Expropriations⸗Geſetze in Betreff des
175 1044 1460 1104 Grundbeſitzes; Unterrichtszwang iſt keine Nothwendigkeit; alſo iſt wie⸗
175 1091 945 1166 derum der Schluß a pari ungerechtfertigt.
260 1143 1462 1209 Drittens: Die ganze Vorausſetzung iſt falſch, daß der Staat
173 1203 1457 1275 durch ſeine Geſetze Alles decretiren könne, was im öffentlichen Nutzen,
171 1259 1460 1325 im öffentlichen Intereſſe liegt. Noch mehr! Selbſt der Umſtand, daß
175 1325 1460 1385 ein Geſetz für die Exiſtenz des Staates nothwendig iſt, iſt an und für
175 1381 1462 1447 ſich noch kein Beweis für die Berechtigung zu demſelben; ſondern nur,
175 1436 1455 1501 inſoweit dieſe Nothwendigkeit den Rückſchluß geſtattet auf den geſetz⸗
171 1494 1462 1567 geberiſchen Willen des Schöpfers. Alſo muß jedes Mal, wenn auch
171 1550 1462 1622 nicht ausdrücklich, doch der Sache nach auf dieſen zurückgegangen werden.
173 1602 1462 1676 Jener Rückſchluß iſt aber keineswegs in allen Fällen geſtattet, eben weil
171 1664 1462 1726 der Staat für den Menſchen, nicht der Menſch für den Staat gebildet
171 1720 1460 1784 ward. Würde unter Anderm die Wahl geſtellt, entweder die ſelbſtändige
169 1773 1462 1840 Exiſtenz des Staates oder das Leben der Mehrzahl der Unterthanen
175 1838 1460 1908 zum Opfer zu bringen, ſo dürfte, wenigſtens erlaubter Weiſe, der Staat
173 1893 1457 1964 bei ſeiner Legislation nicht der letzteren Alternative den Vorzug geben.
266 1964 1462 2026 Abgeſehen übrigens von dieſen Ausſtellungen gegen Couſin würden
167 2015 1460 2077 wir uns mit dem Verfaſſer jenes Artikels der Revue noch leichter ver⸗
165 2071 1460 2146 ſtändigen, als mit gewiſſen andern Richtungen. Denn er will kein
173 2133 1457 2201 Schulmonopol, auch nicht eigentlich Schulzwang, ſondern nur eine gewiſſe
175 2183 1460 2255 Controle des Staates, daß Alle das Minimum nothwendiger Bildung
175 2241 1457 2309 erhalten, ſei es durch Privat⸗Unterricht, oder wie immer. Vorausgeſetzt
177 2309 1460 2381 nun, daß dieß Minimum kein unnatürlich hinaufgeſchrobenes Maß von
