1520 2481
680 45 748 115 31
80 146 1358 215 vorangingen. Freilich ſah Er voraus, daß die jüdiſche und heidniſche
78 200 1354 270 Obrigkeit deßhalb den Apoſteln ebenſo wie Ihm mit Banden und Tod
76 254 1358 330 drohen würden, aber Er lehrte ſie, Gott mehr als die Menſchen zu
78 312 1360 376 fürchten (Matth. 10, 28). Kraft göttlicher Auctorität ſende Er ſie in
80 368 1358 440 die Welt (Joh. 20, 21, Matth. 28, 18. 19), und demgemäß ſolle auch ihre
78 419 1358 494 Auctorität ſein. Alles, was immer ſie auf Erden binden oder löſen
76 479 1356 549 würden, ſolle auch im Himmel gebunden oder gelöſet ſein (Matth. 16,
80 541 1356 609 18. 19; 18, 18). Mithin haben die Acte ihrer geiſtlichen Auctorität
78 593 1356 674 und zwar alle (nicht bloß die placetirten) durch ſich ſelbſt (nicht
78 651 1356 731 erſt durch ſtaatliche Genehmigung) volle Gültigkeit vor Gott und den
82 711 262 775 Menſchen.
159 769 1358 833 Die apoſtoliſche Handlungsweiſe entſprach dieſer göttlichen Sen⸗
78 822 1356 897 dung und Vollmacht. Nirgends findet ſich auch nur die geringſte Spur
76 878 1356 944 einer Andeutung, daß ſie von der jüdiſchen und heidniſchen Obrigkeit
78 936 1352 1013 Erlaubniß zur Verkündigung des Evangeliums oder der Satzungen des
78 992 1354 1068 Concils von Jeruſalem erbeten. Im Gegentheil, haben ſie nicht das
80 1048 1356 1126 chriſtliche Geſetz verkündet trotz aller Verbote? haben ſie, vom Hohen
80 1106 1356 1178 Rath zur Verantwortung deßhalb gezogen, nicht wiederholt geantwortet,
80 1168 1356 1234 was Chriſtus ſie gelehrt: man müſſe Gott mehr gehorchen als den
82 1217 1356 1296 Menſchen? Sind ſie nicht deßhalb in gleicher Weiſe wie Chriſtus nach
80 1279 1354 1356 unaufhörlichen Verfolgungen und Beſtrafungen endlich gerichtet worden?
80 1335 1360 1407 Doch nicht nur ſie allein; Hunderttauſende von Martyrern haben ebenſo
82 1393 1356 1467 gehandelt und gelitten, weil ſie, anſtatt die ungläubigen Staatsbehörden
80 1451 1354 1525 um Genehmigung zu bitten, was Niemanden eingefallen iſt,
78 1509 1354 1585 zu thun, vielmehr gegen deren ausdrücklichſtes Verbot die Lehren und
82 1563 1352 1637 Geſetze der chriſtlichen Religion verkündet, ausgeführt, geübt haben. Und
80 1618 1354 1695 nun ſollten unſere Oberhirten, weil ſie in gleicher Weiſe thatſächlich das
80 1676 1356 1753 Placet nicht zu den weſentlichen Kronrechten zählen, Verbrecher wider
82 1732 1354 1811 die ſtaatliche Ordnung ſein! Nein, nein; ſie haben nichts verbrochen;
82 1792 1354 1864 bei dem Kreuze des Gottesſohnes und dem Blute, das die Apoſtel ver⸗
82 1848 1358 1922 goſſen, und den Todesqualen, welche die Bekenner ausgeſtanden, dürfen
82 1904 1352 1980 wir ſchwören: nicht nothwendig iſt das Placet der heidniſchen Obrig⸗
82 1959 1356 2038 keit zur Verkündigung, zur Übung der Lehren, der Geſetze unſerer
82 2017 1358 2096 Religion. Das Placet gehört aber, wenn es der heidniſchen Obrigkeit
84 2075 1352 2148 nicht zuſteht, auch nicht zu den weſentlichen, unveräußerlichen Kronrechten.
159 2131 1350 2208 Doch auch der moderne liberale Fortſchritt, mag er nun den chriſt⸗
80 2181 1356 2270 lichen Standpunkt verwerfen, oder von ihm abſehen, muß das Placet
84 2239 1116 2338 verdammen als ein Attentat auf ſeine eigenen Principien.
