1520 2481
645 66 711 130 25
43 159 1319 225 legend in dieſer Beziehung war der Erlaß Ludwig's XI. vom 8. Januar
43 212 1317 279 1475, wonach jede Art von Leuten, die von Rom kämen, weß Standes
43 270 1319 341 oder Ranges ſie ſeien, gehalten ſein ſollten, alle Briefe, Bullen und
45 328 1321 394 Schriftſtücke, die ſie bei ſich trügen, zur Prüfung vorzuweiſen, ob die⸗
45 382 1321 456 ſelben etwas gegen die Privilegien und Freiheiten der gallicaniſchen
43 446 1323 516 Kirche enthielten. Bezeichnend für das Placet iſt es gewiß, daß der
45 500 1323 566 Vater der abſoluten Monarchie in Frankreich, Ludwig XI., der in ſeinem
45 552 1327 628 diaboliſchen Mißtrauen ſogar den Dauphin (Kronprinzen) ohne die
45 618 1323 690 allerelementärſte Bildung aufwachſen ließ, es zuerſt durch eine Verord⸗
45 678 517 740 nung dauernd begründete.
132 736 1323 795 Bei der Aufhebung der pragmatiſchen Sanction durch das Con⸗
43 783 1323 858 cordat (1516) hatte das Placet ſammt andern „Freiheiten der galli⸗
43 839 1323 920 caniſchen Kirche“ ſchon ſo tiefe Wurzeln gefaßt, daß es auch ferner
47 905 483 969 noch luſtig fortwucherte.
134 955 1323 1021 Der Gallicanismus zog ſeine Lebenskraft aus dem Haſſe der Par⸗
49 1008 1323 1085 lamente gegen die kirchliche Auctorität, und dieſer blieb trotz der Auf⸗
51 1068 1327 1137 hebung der pragmatiſchen Conſtitution; ja die Parlamente nahmen vom
49 1126 1315 1197 Concordat ſelbſt Anlaß zur fernern Ausbildung jener „Freiheiten.“
49 1178 1325 1252 Denn der König, dem der Papſt den Schutz und die Aufrechthaltung
51 1244 1325 1314 des Concordates übertragen hatte, ſtellte ſeinerſeits dieſelbe den Parla⸗
53 1294 1329 1372 menten anheim und bot ihnen ſo willkommenen Anlaß, ſich in kirchliche
47 1350 409 1432 Dinge einzumiſchen.
136 1416 1331 1486 Dazu kam, daß der nun hereinbrechende Proteſtantismus die
53 1465 1331 1542 Kirche gänzlich dem Staate überantwortete und ſo dem Streben der Parla⸗
57 1529 1331 1594 mente neue Nahrung gab. Juriſten, die entweder ganz offen ſich zum
57 1579 1331 1645 Proteſtantismus bekannten, oder auch trotz ihrer Rückkehr zur Kirche
57 1639 1325 1707 den proteſtantiſchen Anſchauungen huldigten, wie Dumoulin und Pithou,
57 1695 1333 1759 machten denn auch zuerſt den Verſuch, die Knebelung der kirchlichen
57 1753 1329 1825 Jurisdiction durch die Staatsbehörden wiſſenſchaftlich zu rechtfertigen.
142 1811 1331 1875 Unterdeſſen machte Frankreich rieſige Fortſchritte zum abſolutiſti⸗
59 1864 1333 1928 ſchen Polizeiſtaat, und man leitete jetzt das Placet nicht bloß wie früher
57 1920 1331 1995 aus dem Rechte des Königs ab, die alten Canones der Kirche und das
57 1978 1333 2048 Concordat in allen ihren Beſtimmungen gegen Jedermann (alſo auch
59 2036 1335 2100 gegen Papſt) zu vertheidigen, ſondern rechtfertigte es auch bereits
59 2092 1338 2154 durch polizeiliche Rückſichten in Hinblick auf die Ruhe und den
55 2148 1340 2222 innern Frieden, welchen der König gegen Alles, was von Außen
55 2201 1335 2282 komme (alſo auch die römiſchen Bullen), vorzüglich zu ſchützen habe. Bald
61 2262 1333 2348 (1626) dehnte man das Placet auf Synoden und andere Biſchofs⸗
