1521 2481
846 70 875 134 8
227 161 1500 231 einigkeit auflöſen und aus der Vernunft allein poſitiv beweiſen zu wollen,
225 210 1498 281 haben doch große Theologen, wie ein hl. Auguſtinus, ein hl. Hilarius,
225 277 1500 337 ein hl. Thomas von Aquin und viele Andere, dasſelbe gegen die An⸗
225 334 1500 396 griffe verſchiedener Irrlehrer nicht nur ſiegreich vertheidigt, ſondern es
225 384 1502 450 auch aus dem Weſen und innerſten Leben der Gottheit dem menſchlichen
227 452 1502 506 Geiſte ſehr nahe gebracht und unſerm Verſtändniſſe annehmbar gemacht.
312 500 1502 570 Es liegt dem Zwecke dieſer Schrift fern, in den Gegenſtand weiter
227 560 1502 622 einzugehen. Eines aber dürfte jedem vernünftigen Menſchen genügen.
227 616 1504 682 Wir wiſſen nämlich, daß die menſchliche Seele nach dem Ebenbilde
229 674 1506 733 Gottes geſchaffen iſt. Sie kann als Geſchöpf nur ein höchſt unvoll⸗
223 725 1506 795 kommenes Bild ihres Schöpfers ſein, und wir dürfen darum zwiſchen
223 779 1504 845 ihr und Gott keinen vollkommenen Vergleich anſtellen, ſondern uns
221 843 1504 911 begnügen mit einer Ähnlichkeit, höchſtens jener vergleichbar, die zwi⸗
221 899 1506 963 ſchen unſerm lebendigen Leib und deſſen Schatten ſtattfindet. Unſere
221 953 1502 1023 Seele nun iſt ihrem Weſen nach einfach, untheilbar: und dennoch
225 1006 1504 1077 iſt in ihr Verſtand und Wille. Der Verſtand iſt nicht der Wille; die
227 1066 1504 1135 Acte des Verſtandes ſind nicht die des Willens und ſo umgekehrt.
225 1122 1504 1190 Einander gegenübergeſtellt, ſind ſie wirklich von einander verſchieden, und
227 1180 1502 1250 zuſammen machen ſie doch nur eine menſchliche Seele aus. Unendlich
227 1234 1502 1308 höher ſteht wohl das Geheimniß in der ewigen, unwandelbaren Gottheit,
229 1294 1504 1358 wo nichts Zufälliges, nichts Vorübergehendes iſt: aber ſo viel erſehen
227 1348 1504 1414 wir aus ihrem unvollkommenen Nachbilde, daß in geiſtigen Weſen die
227 1412 1504 1476 ſtrengſte Einheit und Untheilbarkeit in einer Beziehung die Vielheit in
225 1463 1504 1536 einer andern Beziehung nicht nothwendig ausſchließen. Die Lehre alſo
227 1527 1504 1587 von der heiligen Dreieinigkeit ſchließt in ſich keinen Widerſpruch, iſt nicht
227 1585 1506 1641 unmöglich. Wenn alſo Chriſtus ſie ausſpricht, ſo hat man keinen Grund
227 1635 1500 1707 ſeine Ausſage zu verwerfen: ſie kann wahr ſein, und iſt die Gottheit,
229 1691 1202 1765 Chriſti bewieſen, ſo iſt ſeine Lehre unzweifelhaft wahr.
314 1755 1502 1819 2. Die Menſchwerdung des Sohnes Gottes. Chriſtus,
225 1809 1504 1873 der Eine und Derſelbe, nennt ſich Gottesſohn und Menſchenſohn, wahren
225 1862 1506 1931 Gott und wahren Menſchen zugleich. Wie haben wir das zu verſtehen?
227 1914 1506 1986 Iſt etwa die göttliche Weſenheit in die menſchliche oder dieſe in die
225 1972 1506 2046 göttliche übergegangen? Unmöglich: denn die Gottheit iſt unverän⸗
229 2036 1508 2098 derlich, unwandelbar, und die endliche menſchliche Natur kann nicht
229 2084 1506 2156 unendlich werden; und in jedem Falle wäre Chriſtus nur Gott oder
227 2141 1506 2218 nur Menſch. — Sind die göttliche und menſchliche Natur ſo mit einander
227 2212 1506 2274 zuſammengeſetzt worden, daß daraus eine dritte entſtand? Unmöglich:
229 2259 1508 2344 denn zwei geiſtige Subſtanzen können nicht zu einer Subſtanz vereinigt
