1520 2481
804 59 866 144 48
202 171 1478 237 langer Schreibebrief an Petroni, den Redacteur der Roma del popolo,
200 223 1478 293 zur Rechtfertigung der Internationale, mit vielen Schmähungen auf den
202 283 1478 347 Concurrenten, erſchien im Avvenire di Sardegna (abgedruckt im Diritto
200 332 1476 405 Nr. 304, 31. Oct.). Vergebens habe Mazzini verſucht, heißt es darin,
202 390 1476 461 ihn (Garibaldi) in ſeine „unausführbaren Velleitäten“ zu verſtricken.
198 442 1478 527 „Daß ich thatſächlich Republikaner bin, brauche ich den Ausreißern vom
200 508 1478 576 Jahre 1860, bei Talamone und Mantua, nicht erſt zu beweiſen. Und
198 564 1478 632 als Republikaner von Gewiſſen that ich das Wenige in der Action,
200 618 1480 690 was ich that ... Mazzini und ich ſind alt; von Verſöhnung zwiſchen
202 676 1482 744 uns Beiden ſpreche man nicht (?) ... Wenn Mazzini die große Schlacht,
198 731 1480 802 auf welche er anſpielt, gewonnen haben wird, und es ſich darum han⸗
200 791 1480 862 delt, einheimiſche und auswärtige Tyranneien zu bekämpfen, werde ich
202 847 1478 917 dem Rathe meines Freundes Filopanti folgen und unter der Mazzini'⸗
200 913 1482 973 ſchen Fahne dienen, wie ich unter der ſavoyiſchen diente, um Italien
200 961 1478 1035 nützlich zu ſein ... Unſere Soldaten kämpften für die amerikaniſche
202 1015 1476 1095 Freiheit, dienten neben dem Heer der Monarchie, nicht für dieſe —
202 1081 1482 1143 ich habe es ſchon ſo oft geſagt —, ſondern für Italien, und werden
200 1126 1418 1205 Italien dienen auch „neben euch (Mazziniſten), wenn es nöthig iſt.“
291 1184 1482 1250 Der Streit zwiſchen den zwei Haupthähnen ſtellte ſcheinbar dem
202 1240 1480 1310 nahenden Congreſſe nicht das günſtigſte Horoſkop, wurde auch thatſächlich
202 1298 1476 1364 von der Regierung zur Vereitlung des ganzen Planes liſtig ausgebeutet!¹
206 1350 1482 1426 Während nun der Mann von der Ziegeninſel, welcher den Vorſitz nicht
204 1422 1484 1482 perſönlich führen konnte, ſeine Stellvertreter ernannte, verweigerte der
206 1482 1486 1536 demokratiſche Arbeiterverein zu Rom die Theilnahme am Congreß; andere
208 1525 1484 1598 Mazzini'ſche Geſellſchaften, z. B. die von Turin und Neapel², folgten
204 1585 1482 1651 dem Beiſpiele. Um aber einem Skandale vorzubeugen und die Ver⸗
206 1639 1482 1716 ſammlung möglichſt zahlreich zu machen, erklärten am Ende die Garibal⸗
204 1703 1482 1767 dianer, daß von allen demokratiſchen Verbindungen, wenn ſie auch nicht
202 1753 1484 1823 aus Arbeitern beſtänden (d. h. wohl, wenn ſie auch nicht zur Inter⸗
204 1811 1482 1889 nationale gehörten), Abgeordnete zugelaſſen würden. So kamen unge⸗
204 1866 1484 1949 fähr ſechzig Vertreter von nahezu hundert demokratiſchen Vereinen zu⸗
208 1935 361 2001 ſammen.
277 2019 1486 2077 ¹ Wie nämlich die Dinge lagen, ſchien Garibaldi's Sieg gewiß. Da nun das
210 2059 1484 2121 Miniſterium Lanza⸗Venoſta dem etwas gemäßigteren Mazzini ſchon längſt mehr wohl⸗
210 2100 1486 2164 wollte, ja innerlich ihm angehört, begünſtigte es den Garibaldi, was bei dem lebhaften
208 2152 1486 2212 Oppoſitionsgeiſte beider Parteien Mazzini's Actien in die Höhe trieb, Letzterem zum
208 2201 426 2251 Siege verhalf.
289 2241 1488 2296 ² Man verwechſele dieſe Mazzini'ſchen Vereine nicht mit der internationalen
204 2282 1081 2359 Föderation in Turin und der gleichen Section in Neapel.
