1520 2481
674 92 730 144 33
66 184 1335 235 gehört nun offenbar das Placet; ſoll es nun nichtsdeſtoweniger fortbe⸗
66 223 1333 301 ſtehen? Selbſt Bluntſchli muß zugeſtehen, daß es „der heutigen Rechts⸗
66 279 1335 355 entwickelung“ mehr zuſage durch Beſeitigung der „vorbauenden Maß⸗
66 337 1340 415 regeln“, zu denen er beſonders das Placet rechnet, „der Kirche freie
68 394 1340 471 Bewegung zu gewähren. Dieß iſt nun eine um ſo dringendere For⸗
68 450 1338 516 derung, als es wirklich empörend iſt, daß, wenn die Präventivmaßregeln
66 504 1344 583 gegen Einheimiſche und ſelbſt gegen Fremde gefallen ſind, nur noch die
68 566 1342 634 Kirche von ihnen eingeſchnürt bleiben, und ſie ſo auf Eine Linie mit
68 620 1342 692 der infamen, unter Polizeiaufſicht ſtehenden Menſchenclaſſe geſetzt wer⸗
68 671 227 752 den ſoll.
150 729 1342 808 Zudem wird ja die Preßfreiheit, das Recht der freien Meinungs⸗
68 798 1342 868 äußerung als eine der vorzüglichſten modernen Errungenſchaften geprieſen.
72 847 1340 924 Soll nun jeder Schurke durch die Preſſe ungehindert zum Volke ſprechen,
72 907 1344 971 aber die Kirche keinen Erlaß ohne vorhergehende ſtaatliche Cenſur ver⸗
68 963 1344 1035 öfſentlichen dürfen? Wo wäre da die Gleichheit vor dem Geſetze? Frei⸗
74 1019 1346 1095 lich übt die Kirche durch ihre Erlaſſe größern Einfluß auf das Volk
72 1075 1346 1147 als ein einzelner Privatmann aus. Aber es handelt ſich hier nicht um
72 1139 1346 1203 ein Mehr oder Weniger, ſondern um ein Princip, das im Fall größern
72 1188 1346 1271 Einfluſſes ebenſoſehr geſchädigt wird, als bei der entgegengeſetzten An⸗
74 1248 1346 1316 nahme. Es kann z. B. leicht irgendwo geſchehen, daß ein Private durch
76 1304 1348 1379 ſeine tägliche Zeitung weit größern Einfluß ausübt, als ein Kirchen⸗
74 1362 1350 1434 oberer mit allen ſeinen Verordnungen und Cenſuren. Wäre es aber
76 1418 1348 1492 nicht lächerlich, jenen Schriftſteller von der Preßfreiheit auszuſchließen,
76 1476 1350 1550 weil er größern Einfluß auf das Volk beſitze? Mit Recht iſt darum
78 1532 1348 1608 in der preußiſchen Verfaſſung der Bekanntmachung kirchlicher Verord⸗
80 1594 1348 1658 nungen kein geringeres Maß der Freiheit, als allen andern Veröffent⸗
76 1645 407 1722 lichungen gewährt.
161 1697 1350 1780 Man hat entgegnet, der Biſchof kann den Katholiken befehlen.
78 1759 1350 1835 Freilich wohl. Doch in unſern modernen Staaten verſchlagen ſeine Be⸗
78 1813 1350 1889 fehle nur bei denen, welche aus freier Überzeugung dieſelben anerkennen.
80 1871 1352 1949 Die Cenſur dieſer Befehle, wie ſie durch das Placet ausgeübt wird, iſt
82 1928 1350 2005 alſo ebenſoſehr eine Beſchränkung der Meinungsäußerung für die Bi⸗
82 1984 1062 2067 ſchöfe als der Freiheit der Überzeugung für das Volk.
165 2046 1358 2112 Faſſen wir unſere Gegner beim Wort. Das Volk iſt mündig, rufen
88 2098 1354 2181 ſie immer, es kann zwiſchen guten und ſchlechten Preßerzeugniſſen unter⸗
84 2158 1356 2232 ſcheiden. Aber wenn das Volk mündig iſt, kann es auch zwiſchen guten
82 2214 1358 2296 und ſchlechten Befehlen unterſcheiden. Die Regierung braucht alſo durch
84 2270 905 2359 das Placet ſeinem Urtheile nicht vorzugreifen.
126 2313 366 2390 Stimmen. II. 1.
