1520 2481
647 0 715 136 61
51 167 1319 239 Stande, Gott dermaleinſt Rechenſchaft zu geben über Ausführung des
51 227 1323 295 ihm gewordenen Auftrags? So iſt alſo von Gott ſelbſt in der Natur
47 277 1321 351 der Wille ausgeſprochen, und damit der allgemeine Rechtsſatz aufge⸗
51 334 1321 401 ſtellt, daß den Eltern ein ausſchließliches Erziehungsrecht an ihren Kin⸗
47 392 1323 465 dern zuſteht. Und wie weit erſtreckt ſich dieſes Recht? So weit und
47 448 1323 518 nicht weiter, als die Natur der Sache, das Bedürfniß des Kindes es
47 504 1319 580 verlangt, als es ſich aus dieſem Bedürfniß nachweiſen läßt; darüber
51 564 1321 626 hinaus bleibt die Freiheit des Kindes unangetaſtet, und dies hat unter
53 628 1323 696 Anderm zur Folge, daß die Berufswahl nicht von den Eltern, ſondern
49 678 1323 750 vom Kinde ſelbſt, freilich unter vernünftiger Berückſichtigung des elter⸗
51 729 905 810 lichen Rathes, getroffen werden muß und kann.
128 791 1323 866 Wäre hiermit dem Bedürfniß des Menſchen als ſocialen Weſens
49 849 1325 915 genügt, ſo hätten weder die Gemeinde noch der Staat jemals das Licht
49 901 1323 979 dieſer Welt erblickt. Aber es war noch ein ferneres Bedürfniß zu be⸗
51 959 1325 1027 friedigen, und zwar nicht bloß für die Handhabung des Rechts, ſondern
49 1025 1323 1093 auch für andere Seiten des menſchlichen Lebens; darum muß einerſeits
51 1075 1323 1141 die Theorie des bloßen Rechtsſtaates verworfen werden, wenn auch an⸗
51 1130 1325 1207 dererſeits die Übergriffe des Polizeiſtaates, namentlich im vorigen Jahr⸗
53 1188 1327 1252 hundert, maßlos und bei Weitem gefährlicher waren, als das andere
55 1246 1327 1308 Extrem. Wir können mit voller Beſtimmtheit ſagen, daß Gott, der
55 1302 1327 1379 nichts unverſorgt, nichts lückenhaft in's Daſein hinausſtößt, auch einen
55 1358 1327 1436 Staat gewollt hat mit allen den Rechten, ohne welche eine ſolche Lücke
59 1416 1327 1492 ſich zeigen würde. Wie er den Vögeln den Inſtinct gegeben, ihre
57 1474 1327 1546 Jungen zu ernähren, und wie er, wo dieſer Inſtinct fehlt, durch den
55 1529 1327 1604 Inſtinct der übrigen Vögel aushilft, ſo hat er auch geſorgt, durch eine
55 1585 1327 1662 weitere menſchliche Aſſociation die Lücken auszufüllen, welche auch nach
55 1643 1329 1718 Conſtituirung der Familie bleiben; und eine derartige Lücke iſt nicht
57 1697 1327 1778 bloß die, daß ein Richter über die Streitigkeiten der Einzelnen ent⸗
57 1757 1329 1833 ſcheidet, vielmehr kann ſie auch vorkommen in andern Kreiſen der menſch⸗
57 1815 1331 1891 lichen Thätigkeit. Wo nämlich im Straßenbau, in der Induſtrie, in
57 1871 1329 1951 den Wiſſenſchaften u. ſ. w. bereits durch die Einzelnen, ſei es in ihrer
62 1928 1331 2007 Sonderung, oder in freier Aſſociation, genügende Vorſorge getroffen
55 1984 1329 2063 wird, da gibt es eben keine Lücke, und da hat eben deßhalb weder die
59 2042 1331 2121 Gemeinde noch der Staat ſich einzumiſchen; dort können ſie keinen
57 2098 1325 2181 Rechtstitel für ihre Einmiſchung nachweiſen; hier iſt durch Privatthätig⸗
55 2156 1333 2239 keit genügend geſorgt, und die Einmiſchung des Staates wäre eine
59 2214 1331 2294 widerrechtliche, ließe ſich auf keinen von Gott aufgeſtellten objectiven
57 2262 1327 2361 Rechtsſatz zurückführen. Wo dagegen ohne eine ſolche Einmiſchung ein
