1520 2481
808 126 866 175 70
202 217 1482 268 warten haben. Es wird daher weder an ſorgfältiger Familienerziehung, noch an An⸗
196 254 1482 320 ſtalten ſo nützlicher und nothwendiger (gemeinſchafſtlicher Erziehung fehlen ... Endlich
200 297 1482 357 wirkt öffentliche Erziehung, wenn man ihr völlige Erreichung ihrer Abſicht zugeſtehen
202 347 1484 401 will, zu viel ... Öffentliche Erziehung ſcheint mir daher ganz außerhalb der Schranken
200 388 1158 454 zu liegen, in welchen der Staat ſeine Wirkſamkeit halten muß.“
293 454 1486 516 Als Motto der eben genannten Schrift hatte Humboldt folgenden
198 502 1484 587 Ausſpruch Mirabeau's (aus deſſen Schrift über die öffentliche Er⸗
200 570 535 647 ziehung) gewählt:
272 634 1486 700 „Das Schwierige liegt darin, daß man nur nothwendige Geſetze erläßt, und daß
202 678 1484 742 man ſtets dieſem wahrhaſt conſtitutionellen Princip der Geſellſchaft treu bleibt, ſich
202 727 1484 793 vor der Wuth des Regierens, der verderblichſten Krankheit der modernen Regierungen,
198 773 366 841 zu hüten.“
287 829 934 899 7. Doch kommen wir zum Schluß!
283 891 1488 963 Es gibt einen doppelten Communismus, den Communismus der
198 948 1488 1013 Vermögensrechte und den Communismus der Familienrechte. Erſterer
202 1004 1488 1077 würde alles Privatgut der Geſammtheit, dem Staate, zur freien Ver⸗
202 1064 1491 1135 fügung ſtellen; er wäre die ſchreiendſte Rechtsverletzung, und würde, wie
206 1122 1488 1188 jedes Abweichen von der Bahn des Rechtes, auch die verderblichſten
200 1172 1488 1248 praktiſchen Folgen zeigen. Aber um ſo viel die Familienrechte heiliger
198 1230 1486 1296 und edler ſind, als jedes Vermögensrecht, um ſo rechtswidriger und
204 1290 1491 1354 verderblicher wäre ein Communismus in dieſen Rechten. — Auch er
204 1345 1488 1416 könnte wieder ein doppelter ſein, ein Communismus der elterlichen und
206 1403 1493 1469 ein Communismus der ehelichen Rechte; vor letzterem mit allen ſeinen
206 1461 1491 1525 Conſequenzen würden wir zurückſchaudern; es würde uns kalt überlaufen
202 1517 1488 1587 beim Gedanken, die Wahl des Ehegatten ſolle von nun an nicht mehr
198 1575 1488 1641 dem Einzelnen freiſtehen, ſondern, etwa im Staatsintereſſe eines kräf⸗
206 1633 1488 1697 tigeren Menſchenſchlages, etwa mit Rückſicht auf Alter, Geſundheit und
206 1691 1488 1761 Größe, durch Geſetze geregelt und vom Bürgermeiſter gehandhabt werden.
208 1742 1488 1815 Und einen Communismus in den Rechten der Eltern ſollten wir für
206 1813 1488 1866 rechtmäßig halten? Einen Communismus, welcher die natürlichſten und
204 1856 1491 1937 heiligſten Rechte den Eltern entreißt und ſie für Staatsgut erklärt?
206 1918 1491 1982 — Haarſträubend iſt freilich die Tyrannei eines Caligula oder Nero;
200 1976 1488 2042 aber ſchlimmer war die eines Julianus Apoſtata, um ſo viel ſchlimmer,
202 2028 1102 2094 als die Seele höher ſteht, als das irdiſche Leben.
295 2090 1493 2158 Man hat, und zwar mit Recht, die germaniſchen Rechts⸗Inſtitute
202 2146 1491 2220 und Rechts⸗Anſchauungen ſo ſehr geprieſen; eine der ſchönſten Perlen
204 2212 1488 2274 unter denſelben iſt aber die wahre Freiheit des Einzelnen, das self-
204 2259 1486 2325 government der Genoſſenſchaften. Beides entſpricht den geſunden Rechts⸗
208 2315 1488 2402 principien; der Einzelne ſoll ſich frei bewegen, ſoweit nicht der nächſte
