1520 2481
709 78 771 142 63
99 165 1381 241 loſigkeit nicht das ſtreng Nothwendige an geiſtiger oder leiblicher Nah⸗
101 221 1379 291 rung erhalten; wenn in ſolchen Fällen nicht ſchon durch die andern
101 279 1379 353 Verwandten, durch die Gemeinde oder die Kirche geſorgt wird, dann
97 332 1379 405 iſt es allerdings Pflicht und Recht des Staates, in die Lücke einzutreten,
101 390 1377 469 und ſich des Kindes anzunehmen. Freilich kann es vorkommen, daß
99 448 1379 527 bei einer indolenten verkommenen Bevölkerung durch kirchliche oder
101 506 1377 580 Privat⸗Unternehmen nicht genügend für Errichtung von Schulen ge⸗
101 562 1375 636 ſorgt wird; dann iſt es Pflicht und Recht des Staates, auszuhelfen,
99 622 1377 694 ebenſogut, wie er unter ähnlichen Umſtänden zur Errichtung von Eiſen⸗
99 688 1379 754 bahnen befugt ſein kann. Ähnlich kann man ihm ja auch das Recht
99 738 1383 808 zuſprechen, Zeitungen zu ſchreiben und andere ſchriftſtelleriſche Arbeiten
99 793 1379 866 zu treiben, ſoweit er dieß in Betreff der Auslagen verantworten kann.
101 847 1381 924 Woher aber hätte er das Recht, allen Andern das Schreiben zu ver⸗
103 901 1381 977 bieten, und ſämmtliche Unterthanen bei Geld⸗ oder Gefängniß⸗Strafe
105 975 1381 1027 zum Leſen ſeiner Zeitungen zu zwingen? Das Intereſſe der nationalen
103 1015 1381 1091 Einheit wird ihm doch hierzu kein Recht ertheilen?! Und woher hätte
103 1083 1381 1151 er das Recht, ein noch viel kategoriſcheres Experiment mit der geſammten
103 1130 1377 1207 Jugend vorzunehmen, indem er ihr ſogar ſo und ſo viel Stunden täg⸗
103 1188 1381 1261 lich zudictirt, während welcher dieß zarte Wachs ſich den Stempel auf⸗
103 1244 1383 1314 drücken laſſen muß, welchen ihm aufzudrücken dem Staate, vielleicht aber
103 1302 1383 1376 nicht den Eltern, gut ſcheint?! Was gibt ihm das Recht, — von jenen
105 1356 1381 1436 Ausnahmsfällen abgeſehen — die Kinder ihren Eltern zu entreißen?
105 1412 1383 1496 Etwa die Möglichkeit, dieſe könnten gewiſſenlos ſein? Soll man denn
103 1472 1379 1548 von vornherein die ganze Bevölkerung eines Staates unter Curatel,
103 1529 1381 1606 alle Kinder bei Lebzeiten ihres Vaters unter einen ſtaatlichen Vormund
105 1585 1381 1656 ſtellen? Soll der Polizeidiener, dieſer eiſerne Arm des Staates, das
109 1647 1383 1720 Recht haben, dem Vater, der Mutter ihr Kind zu entreißen, um es in
107 1701 1383 1780 eine geiſtige Richtung hineinzudrängen, die möglicher Weiſe den heiligſten
107 1755 1385 1829 Überzeugungen der Eltern zuwider iſt? Um es in eine Umgebung zu
107 1815 1383 1891 transportiren, wo ſeine Unſchuld vielleicht nicht wenig gefährdet wird?
111 1871 1383 1949 Und alles dieß etwa bloß, weil der Staat ein Intereſſe hat an national⸗
111 1928 1383 2005 einheitlicher Erziehung? — Freilich, er hat auch ein Intereſſe an wohl⸗
111 1986 1383 2059 habenden ſteuerfähigen Unterthanen; alſo darf er Allen die Admini⸗
111 2040 1385 2119 ſtration ihres Vermögens entziehen, und Runkelrüben pflanzen, wo der
109 2096 1387 2175 Beſitzer einſt Park⸗Anlagen hatte! Freilich, er hat auch ein Intereſſe an
109 2150 1389 2226 geſunden, kräftigen Rekruten; alſo darf er alle Kinder abführen in
109 2208 1387 2288 ſpartaniſche Suppen⸗Anſtalten, die von den Steuern der Eltern erhalten
109 2265 1389 2356 werden; alſo darf er commandiren, daß in jeder Familie zweimal
