1521 2481
844 59 883 119 2
227 161 1504 215 erlöſer ausgegeben hat. Das heißt: die Ausſage Chriſti, daß Er eine
225 206 1502 277 göttliche Perſon, der Welterlöſer ſei, iſt eine weltkundige Thatſache. Die
227 268 1500 330 Chriſten ſelbſt behaupten ſie, und können ſie nicht in Abrede ſtellen, weil
227 320 1500 386 ſie in ihren Evangelien unläugbar enthalten iſt. Abgeſehen von den
223 384 1498 448 zahlreichen hieher gehörigen Außerungen Chriſti an das Volk, ſehen wir
223 434 1498 498 in den Acten ſeiner Verurtheilung zum Tode, daß Er vor Gericht und
225 489 1498 558 unter einem Eide erklärt hat, daß Er Gottesſohn und der verheißene
225 545 1498 616 Meſſias ſei. Dieſe Ausſage Chriſti müſſen wir uns näher anſehen.
223 603 1498 669 Der Hoheprieſter, als Vorſitzender des oberſten Gerichtshofes, fordert
223 659 1498 725 Chriſtus im Namen Gottes des Gebenedeiten auf, zu ſagen: ob Er ſei
223 713 1496 785 der Meſſias, der Sohn Gottes? — Beachten wir 1) das Gericht iſt ein
221 769 1496 845 rechtmäßiges, von Chriſtus ſelbſt anerkanntes; 2) die Frage iſt ſehr
219 833 1498 901 genau geſtellt. Chriſtus wird nicht gefragt, ob er ein aus Gnade an⸗
221 893 1496 959 genommenes Kind, ein Freund Gottes ſei: als ſolcher wurde jeder Israelit
219 944 1496 1015 angeſehen, und dieſe Behauptung wäre nie Gegenſtand einer gerichtlichen
217 1000 1492 1077 Unterſuchung geweſen; Chriſtus hatte ſich übrigens ausdrücklich (Joh. 3, 16)
217 1054 1496 1130 für Gottes eingeborenen Sohn ausgegeben, und in ſeinen Reden
215 1116 1489 1180 alle Eigenſchaften Gottes ſich beigelegt; 3) die Frage iſt unter die Heilig⸗
217 1168 1492 1236 keit des Eides geſtellt; 4) endlich iſt die Frage die wichtigſte, die je auf
211 1221 1492 1294 Erden geſtellt werden konnte, ſei es in Bezug auf die Ehre Gottes, ſei
215 1279 1494 1348 es in Bezug auf das Heil der ganzen Menſchheit. — Wir ſind wohl
217 1337 1492 1410 Alle einverſtanden, daß Chriſtus, wenn Er noch irgend einer Achtung
213 1391 1492 1467 werth ſein ſoll, auf dieſe Frage nur die Wahrheit und die ganze Wahr⸗
209 1453 1492 1525 heit, ohne irgend welche Zweideutigkeit, die jedem förmlichen Meineid
215 1509 1492 1585 gleich käme, antworten muß. Und wie antwortet Chriſtus? Mit einem
211 1565 1492 1639 einfachen runden: Ich bin es! Und damit kein Schatten des Zweifels
209 1622 1494 1695 über die Bedeutung des Wortes Gottes Sohn ſchweben könne, erklärt
213 1678 1494 1742 Er ſeinen Richtern, daß Er in der Herrlichkeit des Vaters kommen
215 1734 1492 1813 werde, um das Gericht über alle Menſchen, welches Gott allein zu⸗
215 1798 569 1862 kommt, auszuüben.
304 1850 1492 1918 Auf dieſe Antwort hin erklärt der Vorſitzende ſeinen Mitrichtern, es
213 1910 1489 1982 ſei wohl überflüſſig, andere Zeugen über einſchlägige Äußerungen Chriſti
213 1966 1489 2042 zu vernehmen: wir haben ja, ſagt er, die Gottesläſterung aus ſeinem
213 2022 1489 2090 eigenen Munde gehört. Was dünkt euch? Und Alle, wohlgemerkt, Alle
209 2081 1489 2152 antworten: Er iſt des Todes ſchuldig. Keinem der Richter bleibt noch
213 2141 1492 2214 ein Zweifel über die hinlänglich ſcharfe Faſſung der Frage oder über
213 2189 1494 2270 den Sinn der Antwort. Sie beſtimmen einhellig die größtmögliche
213 2251 1492 2340 Strafe, ohne Bedenken. Und Chriſtus hört, in welchem Sinne ſeine
