1520 2481
765 97 835 161 64
157 198 1439 262 wöchentlich Erbſen und dreimal Bohnen gekocht werden ſollen; und wo
159 250 1439 314 dieß, etwa wegen Armuth, nicht geſchieht, da darf der Polizeidiener den
153 303 1437 372 Vater in's Gefängniß abführen! Wenn man aber Geld und Gut nicht
157 361 1439 432 antaſten darf auf das bloße Intereſſe des Staates hin; wenn man die
161 421 1439 483 körperliche Ernährung und Erziehung den Eltern aus ſolchen Gründen
159 481 1439 539 nicht entreißen darf, da ſoll man ihnen die Seele des Kindes entreißen
159 531 1439 599 dürfen durch Zwangsmaßregeln, vielleicht gar durch confeſſionsloſe
163 585 1439 653 Schulen? Vergeſſe man doch nie, daß der Staat der Menſchen wegen
161 653 1439 711 exiſtirt, nicht die Menſchen des Staates wegen! Sind doch auch die
161 700 1437 767 Menſchen nicht erſchaffen, damit die Häuſer bewohnt werden, ſondern
157 756 1439 822 baut man Häuſer, damit die Menſchen ein Obdach haben! — Am Ende
157 812 1437 882 könnte es den Eltern noch eher gleichgültig ſein, ob ihre Kinder auf
161 870 1437 944 Staats⸗Commando in einer Suppen⸗Anſtalt Kraftſuppe eſſen müßten,
159 934 1439 994 oder im elterlichen Hauſe gewöhnliches Gemüſe. Was aber einem chriſt⸗
159 988 1441 1052 lichen Vater, namentlich heutzutage, nicht gleichgültig ſein kann, das iſt
159 1052 1439 1106 die geiſtige Nahrung, welche ſeine Kinder erhalten. Welches mußte der
161 1099 1439 1159 Schmerz einer Maria Stuart ſein, der man ihren Sohn, den nach⸗
161 1155 1441 1228 maligen König Jakob I. von England, entriſſen, wenn ſie ſich ſagen
161 1209 1439 1275 mußte: Mein Kind wird auferzogen im Haß der Religion, welche mir
159 1265 1441 1333 das Heiligſte und Theuerſte iſt, im Haß der Religion ſeiner Väter! Und
159 1327 1439 1389 dieſen Schmerz könnte man einer katholiſchen Bevölkerung von vielen
161 1379 1437 1451 Millionen zu bereiten ſich berechtigt glauben? Man könnte glauben,
159 1449 1437 1507 einer ganzen katholiſchen Bevölkerung ihre Kinder entreißen zu dürfen,
159 1498 1439 1567 um ſie in Schulen zu zwingen, welche nach dem natürlichen Lauſe der
159 1552 1437 1616 Dinge zum Verluſt des katholiſchen Glaubens führen? welche die Kin⸗
155 1616 1439 1682 der dahin bringen, die heiligſten Überzeugungen ihrer Eltern als „Köhler⸗
155 1666 1437 1734 glauben“ in künſtlich eingeimpftem bornirtem Stolze mitleidig zu ver⸗
157 1726 1437 1792 achten? Wenn das keine Rechtsverletzung iſt, ſo weiß ich nicht, was
159 1784 963 1850 man noch mit dieſem Namen bezeichnen ſoll!
246 1842 1439 1906 Die Eltern beſitzen, wenigſtens unter gebildeten Nationen, die Mittel,
157 1908 1443 1966 ohne ſtaatlichen Zwang ihre Kinder gebührend zu erziehen; ſie werden
153 1951 1437 2017 dieſer ihrer Pflicht auch mit ſeltenen unnatürlichen Ausnahmen nach⸗
157 2011 1439 2073 kommen. Wo ſie in eigener Perſon den Unterricht nicht beſorgen können,
155 2067 1439 2129 da finden ſie, auch ohne die gewaltſame Dazwiſchenkunft des Staates,
157 2127 1439 2189 Mittel und Wege, durch Andere in ihrem Auftrage die Erziehung
155 2187 1441 2245 beſorgen zu laſſen; ſie können die Kinder Lehrern übergeben, welche ihr
159 2241 1439 2303 Vertrauen haben; ſie können ſie auf Schulen ſchicken, welche ihrer
157 2303 1439 2377 religiöſen Richtung entſprechen. Für ein gegen den Willen der Eltern
