1520 2481
792 77 854 126 46
181 157 1460 225 gegen Mazzini, und daher folgerichtig für Garibaldi mit den Worten:
179 215 1460 291 „In der Streitigkeit zwiſchen Mazziniſten und Internationalen hätten
184 279 1455 341 wir gewünſcht, daß man ſich zu einem brüderlichen Vergleiche herbeiließe.
184 332 1460 396 Leider aber wollten die Gegner der Internationale ihre conſervativen
188 382 1460 458 Ideen (!) aufoctroyiren und qualificirten, als ob ihnen die Ausſtellung
186 446 1460 508 von Zeugniſſen über republikaniſche Treue obliege, die Internationalen
184 498 1460 566 als Nicht⸗Republikaner und noch Schlechteres. Es iſt alſo Zeit, ſich
184 566 1460 622 auszuſprechen. Zwiſchen Mazzini, welcher ſich für conſervativ (!) er⸗
181 616 1460 678 klärt, und der Internationale, welche den Fortſchritt will, ſtehen wir
181 676 1460 742 offen zu letzterer. Mazzini, welcher uns früher die Liebe zur Freiheit
186 731 1460 798 lehrte, war für uns ein Lehrmeiſter; aber da wir nicht das Individuum
184 783 1460 853 anbeten, — denn die Grundſätze kommen vor Allem in Betracht —, und
188 845 1460 909 da wir niemals an die Unfehlbarkeit eines Menſchen glaubten, ſo können
188 901 1460 969 wir auch die Mazzini's vernünftiger Weiſe nicht zulaſſen. — Wir machen
186 955 1460 1021 die von der Internationale verkündeten Principien zu den unſerigen und
186 1008 1451 1077 ſenden einen Gruß an ihre Häupter K. Marx und Bakunin.“ —
188 1066 1441 1135 Warum nicht auch an das officielle Haupt, den Zimmermann Odger?
277 1118 1462 1192 Acht Tage darauf huldigte in ähnlicher Weiſe die Internationalen⸗
194 1180 796 1246 Föderation Turin dem Garibaldi.
275 1230 1462 1302 Bei dieſem Abfalle ſo manchen theuren Hauptes durfte Mazzini
188 1296 1460 1368 nicht ſchweigen, wenn er nicht auf dem nahen Congreſſe vor dem Ziegen⸗
188 1354 1457 1422 inſulaner die Flagge ſtreichen wollte. Daher ſchickte er eine ſeiner ge⸗
188 1405 1453 1482 wöhnlichen Predigten für die Arbeitervereine an die Roma del popolo“¹,
188 1463 1462 1538 worin er ſich über die zwei Punkte verbreitet: 1) Nach welchem Ziele
186 1525 1462 1596 muß der Congreß ſtreben? 2) Welches muß die hierarchiſche Ordnung
186 1581 1462 1654 und Organiſation der zu einer Körperſchaft verbundenen Vereine ſein,
186 1635 1462 1709 damit ſie ihren Zweck erreichen? — Über den erſten Punkt läßt er ſich
188 1695 1462 1765 mit den Worten aus: „Nach welchem Ziele ſtrebt euer Congreß? Wenn
190 1747 1460 1823 ich nicht irre, nach Aufſtellung eines Mittelpunktes, welcher, bei aller
188 1809 1462 1877 Rückſichtnahme auf die rein örtlichen Rechte und Pflichten der Vereine,
188 1864 1460 1928 die Pflichten, Rechte, Beſtrebungen und Intereſſen, welche der ganzen Ar⸗
190 1928 1460 1993 beiterklaſſe überhaupt gemeinſam ſind, geſetzlich vertrete, welcher, von
190 1980 1460 2048 der Macht der Zahl gekräftigt, die Leiden, die in Italien auf dem
190 2030 1460 2110 Manne der Arbeit laſten, die Urſachen, woraus dieſelben ſtammen, und
264 2183 1462 2243 ¹ Der Redacteur des Blattes, Petroni, iſt jedoch gut Freund zu beiden Agita⸗
192 2222 1464 2299 toren; ein Vorzeichen, daß die ſpätere Einigung nach keiner Seite große Schmerzen
190 2276 304 2346 machte.
