1520 2481
779 116 845 161 80
179 206 1447 260 wird hier wieder ſo recht klar, wie nachtheilig es iſt, daß der Verfaſſer nicht die voll⸗
177 248 1449 305 ſtändigen Conſtitutionen gekannt hat; das von ihm übergangene Wörtchen quâdam
175 289 1449 347 erinnert nämlich jeden Jeſuiten an den in den Conſtitutionen folgenden einſchränken⸗
173 343 1447 396 den Satz. Denn die 35. Regel des Summarium iſt entnommen aus dem erſten Ca⸗
173 376 1447 438 pitel des ſechsten Theiles, und es folgt dort unmittelbar nachher wörtlich: dieſer ge⸗
169 421 1447 483 wiſſermaßen blinde Gehorſam ſolle geübt werden „in allen vom Obern vorgeſchrie⸗
175 479 1449 531 benen Dingen, „in welchen nicht beſtimmt werden könne (wie ſchon geſagt wurde),
177 521 1449 572 daß irgend eine Art von Sünde vorhanden ſei“ (et id quidem in omnibus rebus,
175 568 1449 622 quae a Superiore disponuntur, ubi definiri non possit [quemadmodum dictum
173 607 1451 657 est] aliquod peccati genus intercedere). Die Blindheit ſoll alſo ſelbſtverſtändlich
173 647 1447 705 keine ſolche ſein, die auch die ſittliche Erlaubtheit der Handlung unberückſichtigt läßt.
173 696 1451 752 Hätte Dr. Weber dieſe Einſchränkung gekannt, ſo würde ſeine Ehrlichkeit ihm wohl
173 740 1449 800 nicht geſtattet haben, ein hier ſo wichtiges Wörtchen zu unterſchlagen, und er hätte ſich
175 781 1451 841 ſeine Exclamationen erſpart. Der Epitomator ließ den Satz weg und deutete ihn
169 820 1451 884 bloß durch Beibehaltung des einſchränkenden Pronomen an, weil er zunächſt für
175 870 1449 928 Chriſten, zu denen doch auch die Jeſuiten noch gehören, ſelbſtverſtändlich iſt, und weil
173 913 1451 975 er ſeinen Leſern zutraute, daß ſie bei der 35. Regel noch wüßten, was ſie auf der
173 961 1449 1021 Seite vorher in der 31. Regel geleſen haben, wo ſich eine ganz entſprechende Stelle
173 1000 1451 1064 mit der Einſchränkung findet. — Weiter heißt es auf Seite 36: „Doch hören wir
173 1042 1447 1108 des Ignatius eigene Worte: Durch die vorher gezeichnete abſolute Verfaſſung,
173 1087 1449 1147 ſchreibt er, wird ſowohl der Unterſchied . . . . . bewahrt.“ Jedenfalls wird jeder
173 1137 1447 1186 Leſer mit mir der Anſicht ſein, Dr. Weber wolle die Worte „durch die vorhergezeich⸗
173 1174 1449 1238 nete abſolute Verfaſſung“ als wörtlich dem hl. Ignatius entnommen bezeichnen. In
173 1215 1449 1283 der zum Belege citirten lateiniſchen Stelle, die er ſelbſt unter dem Text anführt, ſteht
173 1271 1449 1327 aber auch nicht ein Buchſtaben davon, ſondern es heißt: „Was wir vom Gehorſam ge⸗
173 1306 1451 1372 ſagt haben, müſſen gleichmäßig die einzelnen Mitglieder ihren nächſten Obern, die
175 1358 1449 1412 Rectoren und Vorgeſetzten gegen den Provincial u. ſ. w. beobachten, ſo daß der Unter⸗
175 1397 1449 1461 ſchied . . . . bewahrt wird.“ Wie iſt nun der Verfaſſer zu ſeiner Überſetzung gekom⸗
171 1438 1451 1501 men? Nun, ſehr einfach; er denkt ſich, was hätte geſagt werden müſſen, damit er es
173 1490 1451 1548 angreifen könne, ſetzt dieſes in den Text, unten aber in die Anmerkung lateiniſche
171 1534 1447 1594 Worte, die Niemand anſieht, und die Überſetzung iſt fertig! Ein ſranzöſiſcher Polizei⸗
171 1581 1451 1639 miniſter ſoll geſagt haben: Gebt mir von einem beliebigen Menſchen drei geſchriebene
171 1620 1451 1676 Worte, und ich will ihn an den Galgen bringen. Wenn er noch lebte, könnte er in
169 1666 1406 1726 Dr. Weber einen geſchickten Überſetzer finden, der ihm große Dienſte leiſten würde.
239 1709 1451 1765 3. Das wären einige Specimina der Überſetzungskunſt, mit Hülfe derer der Herr
171 1765 1449 1817 Gymnaſiallehrer eine „urkundliche“ Darſtellung des Gehorſams in der Geſellſchaft
173 1800 1449 1862 Jeſu liefern will. Fügen wir ein paar Beiſpiele der Deutungskunſt des Privat⸗
171 1846 1453 1908 docenten der Philoſophie hinzu. „Der wahre und vollkommene Gehorſam, ſo leſen
171 1893 1451 1951 wir S. 20, wird von Ignatius allenthalben mit einer Verläugnung nicht nur des
171 1933 1451 1995 eigenen Willens, ſondern auch des eigenen Urtheiles ohne jede Einſchränkung
173 1974 1451 2048 identiſch geſetzt.“ Die Worte „ohne jede Einſchränkung“ hat der Verfaſſer ſelbſt durch
171 2100 1445 2160 überſieht; S. 20 macht er aus „einer Art von Brandopfer“ einfachhin „ein Brand⸗
171 2148 1447 2199 opfer“; ebendaſelbſt aus „einer gewiſſermaſſen vollſtändigen Entſagung“ ſchlechthin
167 2189 1451 2251 „eine vollſtändige Entſagung“; S. 31 aus „einer Art von blindem Drang des
171 2237 1447 2286 Willens“ ſtreng „den blinden Drang des Willens“. Wenn der Privatdocent der
171 2278 1447 2350 Philoſophie ſo bei der Erklärung des Ariſtoteles verfährt, wird er merkwürdige Sachen
169 2333 436 2387 zu Tage fördern.
