1552 2481
372 521 1018 605 Inhalt des zweiten Bandes.
1245 688 1332 738 Seite
57 723 1324 779 Was iſt Chriſtus? I. II. (P. Roh S. J.) . . . . . . 1. 93
53 767 1316 833 Zur Geſchichte und Kritik des Placet. (G. Schneemann S. J.) . . . 21
53 818 1322 874 Die Internationale in Italien. (Pachtler S. J.) . . . . . 35
64 860 1328 915 Die Schulfrage. I. II. III. (L. v. Hammerſtein S. J.) . . 50. 149. 416
51 905 1326 961 Die Freimaurerei und die Internationale. (Pachtler S. J.) . . . 114
47 942 1330 1006 Rom und die Anfänge Deutſchlands. II. (Fl. Rieß S. J.) . . 129. 213
55 994 1210 1050 Geſchichte der Auflehnung gegen die päpſtliche Auctorität. III. IV. V.
163 1035 1332 1093 (R. Bauer S. J.) . . . . . . . 187. 338. 389. 533
55 1083 1210 1147 Die Arbeiterfrage und die chriſtlich⸗ethiſchen Socialprincipien. IV. V.
157 1120 1332 1182 (Th. Meyer S. J.) . . . . . . . . . 203. 314
55 1172 1210 1232 Der Darwinismus und die Sprachwiſſenſchaft. II. III. (J. Knabenbauer
167 1215 1324 1275 S. J.) . . . . . . . . . . 224. 406. 519
62 1257 1328 1319 Indiſches. II. (Frid. Piscalar S. J.) . . . . . . . 240
53 1306 1330 1358 Iſt der Papſt frei unter der piemonteſiſchen Herrſchaft? (Pachtler S. J.) . 279
55 1350 1328 1403 Was iſt und was will der Proteſtantenverein? (R. Cornely S. J.) . . 291
55 1391 1210 1455 Der hl. Petrus vor dem Forum des Dr. Joh. Fr. Ritter v. Schulte. (C. Wieden⸗
159 1438 1330 1492 mann S. J.) . . . . . . . . . . . 325
53 1476 1208 1536 Demokratiſche Lehren und Tendenzen des Katholicismus im 16. Jahrhundert.
165 1523 1330 1577 I. II. (G. Schneemann S. J.) . . . . . . 375. 502
53 1569 1208 1639 Statiſtiſche Notizen über proteſtantiſche Miſſionsgeſellſchaften. (R. Cornely
163 1616 1328 1672 S. J.) . . . . . . . . . . . 426. 487
57 1654 1330 1716 Der hl. Petrus in Rom. (Fl. Rieß S. J.) . . . . . . 461
593 1765 800 1811 Recenſionen.
62 1817 1328 1893 Dr. Th. Weber, Der Gehorſam in der Geſellſchaft Jeſu. (R. Cornely S. J.) 72
62 1869 1210 1928 John Morris, the condition of Catholics under James I. Father Gerard's
155 1918 1328 1980 Narrative of the Gunpowder Plot. (R. Bauer S. J.) . . . 165
68 1955 1328 2024 J. Barrande, Tribolites. (H. Kemp S. J.) . . . . . . 254
62 1997 1210 2073 J. Dippel, Handbuch der Äſthetik und der Geſchichte der bildenden Künſte.
163 2046 1332 2108 (A. Schmitz S. J.) . . . . . . . . . 263. 355
62 2086 1198 2154 Actenſtücke des Ordinariates des Erzbisthums München und Freiſing. —
161 2133 1210 2201 Die miniſterielle Antwort auf die Herz'ſche Interpellation in der
163 2183 1328 2239 bayeriſchen Kammer . . . . . . . . . 363
57 2222 1208 2286 W. E. Freiherr v. Ketteler, Die Centrumsfraction auf dem erſten deutſchen
165 2272 1330 2338 Reichstage . . . . . . . . . . . 364
