1520 2481
678 47 734 119 47
82 140 1346 215 die Heilmittel dagegen zum Ausdrucke bringe.“ — Auf die zweite Frage
78 200 1348 274 antwortet er: „daß die Arbeitervereine nur dann, wenn ſie ſich unter
76 258 1348 330 einer Auctorität mit allen Bedingungen eines wahren, ſtarken und
76 312 1348 390 dauernden Lebens werden conſtituirt haben, ihre Abſichten zur Geltung
78 370 1348 446 bringen können.“ — „Dann könnt ihr, fährt er fort, in einer Weiſe
78 430 1348 494 und in Verträgen, wie euch gut dünkt, mit euren Brüdern bei anderen
78 485 1348 558 Nationen das Band der Allianz knüpfen, was wir ja Alle beabſichtigen
82 539 1350 616 und wollen, aber von der Höhe des anerkannten nationalen
80 595 1348 674 Begriffs; nicht aber, indem ihr euch als Individuen oder kleine Ver⸗
84 655 1348 721 einigungen in ungeheure und ſchlechtgeleitete fremde Verbindungen (d. h.
78 713 1350 781 in die Internationale) verſenket, welche damit beginnen, euch von Freiheit
80 767 1348 835 zu ſprechen, um unvermeidlich entweder mit der Anarchie oder dem Des⸗
80 827 1338 891 potismus eines Centrums und der Stadt, worin dieſes liegt, zu endigen.“
155 886 1350 963 Dieſer letztere Hieb auf die Internationale und das Pochen auf
78 938 1352 1017 einen national⸗italieniſchen Bund, welcher nur als ſolcher in
82 996 1348 1073 Beziehung zu ausländiſchen Vereinen treten ſolle; wurde vom General⸗
78 1052 1346 1128 rathe zu London und den ſonſtigen Häuptern tief empfunden und rief
80 1112 1340 1186 eine lange Reihe von Expectorationen gegen den „fahnenflüchtigen“
80 1157 368 1242 Mazzini hervor.
163 1226 1350 1294 Ferner empfiehlt der Agitator genaue Prüfung der Beglaubigungs⸗
82 1277 1352 1356 ſchriften der zum Congreß abgeordneten Männer, Fernhaltung aller
84 1335 1354 1414 müßigen und vom Endziele des Congreſſes abliegenden Fragen. „Einige
82 1393 1350 1472 von euch, ſagt er, mögen eine fortſchreitende Tagesordnung formuliren,
84 1449 1352 1527 in welcher, ſo lange der Endzweck nicht erreicht iſt, jede Erörterung über
86 1507 1352 1585 religiöſe, politiſche und ſociale Doctrinen abgeſchnitten wird; denn ein
84 1565 1356 1641 Congreß kann dieſelben nicht ſchon jetzt entſcheiden, außer durch gewagte
82 1618 1354 1697 und wegen der Unmacht lächerliche Erklärungen. — Zur künftigen Or⸗
86 1678 1356 1753 ganiſation des Bundes ſchlägt er vor: 1) „Man ſetze zu Rom eine
84 1732 1356 1806 oberleitende Centralcommiſſion ein, welche aus fünf unter den Beſten
84 1790 1354 1869 ausgewählten Arbeitern beſteht; für dieſelben möge eine Beſoldung aus⸗
84 1846 1352 1916 geworfen werden. 2) Ein Rath von Dreißig oder mehr Individuen,
88 1906 1356 1976 welche gleichfalls aus den Beſten der verſchiedenen Städte und Mittelpunkte
84 1957 1352 2036 gewählt ſind, übe ein aufmerkſames Syndikat einestheils über die re⸗
88 2015 1350 2090 ſpectiven Bezirke, anderntheils über das zu Rom ſitzende Fünf⸗Männer⸗
86 2073 1354 2154 collegium, für welch' letzteres die Dreißig zugleich Räthe, Mitarbeiter
88 2127 1358 2203 und Richter ſein werden. 3) Endlich gründe man ein Amtsblatt der
90 2166 297 2251 Geſellſchaft.“
167 2243 1356 2340 Garibaldi durfte auf dieſen Herzenserguß nicht ſchweigen. Ein
