1520 2481
663 88 730 130 55
66 157 1340 235 ihrem Sinne auszubeuten, und ſo dieſen Archimedes⸗Hebel der Erziehung
70 217 1013 289 in Bewegung zu ſetzen. So rechnen unſere Gegner.
148 270 1340 339 Welches wird nun der Vertheidigungsplan des Chri⸗
70 330 1340 403 ſtenthums ſein? — Wenn je Kriegsbereitſchaft und Mobilmachung
68 384 1340 456 durch die Pflicht der Selbſterhaltung geboten war, ſo jetzt in dieſem
66 442 1340 516 geiſtigen Kampfe für Alle, welche noch am Chriſtenthum feſthalten;
68 500 1342 572 denn es iſt unſere heiligſte Pflicht, den Glauben, welchen wir von den
68 556 1340 630 Vätern ererbten, als treu gewahrtes Depoſitum den kommenden Ge⸗
68 616 1342 690 ſchlechtern zu überliefern. Die beiden Schläge, welche die Gegner zu
72 671 1342 738 führen denken, ſind alſo dieſe: erſtens, das Staatsruder den antichriſt⸗
68 725 1340 798 lichen Parteien, und zweitens, die Jugenderziehung auf Gnade und Un⸗
68 785 1340 849 gnade der Staatswillkür preiszugeben. Auch unſer Widerſtand wird
68 843 1342 911 daher auf doppelter Linie geführt werden müſſen; den erſten Schlag müſſen
70 897 1342 963 wir mit Aufbietung aller Energie durch alle geſetzlichen Mittel beharrlich
64 955 1340 1023 zu pariren ſuchen, den zweiten dagegen vor Allem durch Berufung auf
72 1011 1340 1087 die geſunden Principien des Rechtes. Wir müſſen es uns ſelbſt voll⸗
70 1068 1338 1137 ſtändig klar machen, was denn der Staat bei der Erziehung mitzu⸗
70 1124 1344 1192 ſprechen hat, und was dagegen über ſeine Rechtsſphäre hinausgeht; wir
74 1182 1338 1244 müſſen es uns klar machen, daß und inwiefern die Anſprüche der Geg⸗
72 1240 1340 1312 ner auf Staatsſchulzwang, Staatsſchulmonopol u. ſ. w. zu weit gehen,
70 1294 1340 1370 und wir müſſen im Stande ſein, wo nur die Gelegenheit es fordert,
70 1350 889 1428 dieſe unſere Sache mit Gründen zu vertreten.
140 1410 1344 1476 Die Streitfrage iſt einfach folgende: Die Gegner behaupten, der
72 1465 1346 1532 Staat könne ſowohl gültiger als erlaubter Weiſe kraft eigenen
70 1519 1344 1598 Rechtes die Jugenderziehung in beliebiger Weiſe allein in die Hand
72 1579 1346 1654 nehmen, namentlich Geſetze erlaſſen, welche alle Kinder zum Beſuche
70 1633 1346 1711 ſeiner Schulen zwingen, kurz, er ſei neben oder gar vor den Eltern
72 1693 1346 1767 und der Kirche zum Erzieher berufen; „die Kinder gehören der
70 1742 984 1827 Republik, bevor ſie den Eltern gehören“;
153 1806 1348 1873 wir dagegen räumen zwar den Eltern, und auf dem religiöſen
70 1860 1344 1937 Gebiete der Kirche, das Recht ein, die Kinder zum Schulbeſuch anzu⸗
72 1920 1346 1997 halten; wir geben in Folge deſſen auch zu, daß der Staat, wenn er
74 1978 1344 2053 im Einvernehmen mit Eltern und Kirche handelt, wenn er von ihnen ſich
72 2034 1348 2115 gleichſam bevollmächtigen läßt, ein ſolches Zwangsrecht üben kann; wir
74 2086 1344 2170 läugnen dagegen, daß er kraft eigenen Rechtes zu derartigen Geſetzen
76 2148 1346 2224 befugt iſt; wir läugnen, daß der Staat, concurrirend mit der Kirche und
70 2201 1346 2286 den Eltern, ein Recht der Jugenderziehung habe, wir läugnen um ſo mehr,
74 2257 1344 2344 daß er ein ſtärkeres Erziehungsrecht als die Eltern und die Kirche beſitze.
