1520 2481
672 57 725 134 29
64 150 1346 225 ſtattgefunden hatte. Die proteſtantiſche Theorie über die landesherrlichen
64 206 1342 283 Rechte circa sacra, die kirchenfeindliche, Alles anſteckende Aufklärerei,
64 272 1344 337 endlich die Uebertragung gallicaniſcher und janſeniſtiſcher Schriften
62 318 1346 390 trugen mächtig dazu bei, den Fürſten das Placet, welches ein ganzer
64 376 1346 448 Troß ſerviler Canoniſten ihnen nicht genug anpreiſen konnte, annehmbar
62 440 1346 500 zu machen. Der Abſolutismus war auf ſeinen Höhepunkt gekommen
62 504 1344 568 und rechnete den Unterthanen gegenüber die unglaublichſte Willkür zu
59 545 1344 618 den ſogen. unveräußerlichen Kronrechten. Jetzt überſtürzten ſich denn
62 609 1342 671 auch die Verordnungen, um die einzige Freie, die katholiſche Kirche, durch
62 659 1342 725 das Placet zu knechten. Die franzöſiſche Revolution löſte dieſe Bande
62 719 1344 783 nicht, weil ſie, wie der ſie gebärende Unglaube, am allermeiſten die
57 779 1342 851 Kirche haßte. Erſt das Jahr 1848 hat in unſerm Vaterlande, wenigſtens
59 835 794 905 zum größten Theile, das Placet beſeitigt.
144 886 1344 953 Das iſt die Geſchichte des Placet. Im Alterthum unbekannt, wurde
59 951 1342 1011 es durch die vom Gallicanismus veranlaßte Feindſchaft mit Rom erzeugt.
64 1008 1344 1066 Es iſt dann unter fortwährenden Proteſten der Kirche mit dem abſo⸗
62 1056 1344 1128 lutiſtiſchen Polizeiſtaat emporgewachſen und hat ſeine höchſte Blüthe wie
64 1118 1344 1180 ſeinen Verfall mit dieſem getheilt. Somit rechtfertigt Herkommen und
64 1178 1346 1236 Geſchichte keineswegs das Placet. Zwietracht iſt ſeine Mutter, Servilität
62 1223 1342 1308 ſeine Nahrung, Tod der kirchlichen Freiheit ſeine Frucht, Verdammung
57 1285 647 1370 durch die Kirche ſein Brandmal.
655 1389 742 1443 III.
146 1465 1346 1536 Mehr jedoch als auf die Geſchichte hat man ſich für das Placet
57 1525 1344 1594 auf innere Gründe geſtützt. Auch dieſe ſind zu prüfen. Sie werden
64 1575 1342 1643 entweder aus dem Eintritt des Souverains in die Kirche oder
59 1631 1340 1699 aus dem Weſen des Staates und der ſtaatlichen Souverainetät her⸗
62 1691 1342 1769 geleitet. Wurden früher die erſtern, ſo werden in der modernen Zeit
62 1747 498 1817 mehr die letztern betont.
142 1804 1327 1873 Die alten Gallicaner nahmen für ihren „allerchriſtlichſten König“
62 1858 1342 1933 ein ſo weit gehendes Schutzrecht gegenüber der Kirche in Anſpruch, daß
64 1916 1342 1976 ſie auch das Placet daraus folgerten. Eine ſonderbare Logik: daß die
62 1968 1342 2040 Fürſten durch ihren Eintritt in die Kirche, welcher ſie zu deren Kindern
64 2028 1344 2100 macht, auch die größte Gewalt über dieſe ihre Mutter erhalten ſollen!
64 2084 1340 2158 Dieß iſt doch offenbar gegen das vierte, das elementärſte der zehn Ge⸗
59 2139 1342 2216 bote. Die heiligen Väter unterlaſſen nicht darauf hinzuweiſen. „Gibt
64 2195 1342 2272 es“, ſagt der hl. Ambroſius, „für den Kaiſer einen ehrenvolleren Titel,
70 2254 1342 2344 als Sohn der Kirche zu heißen? Sagt man dieſes, ſo geſchieht es nicht
