1520 2481
696 86 761 142 45
95 159 1366 231 den Mann holen? Er weiß Rath, indem er ſeine Collegen von der
93 212 1364 289 Internationale vorſchlägt in den weiteren Worten: „Wählet einen ehren⸗
93 270 1364 339 haften Bürger; und ihr habt keinen Mangel daran: Victor Hugo, Louis
93 328 1362 396 Blanc, Felix Pyat, wie auch Edgar Quinet und die anderen Häupter
93 386 1369 461 der radicalen Demokratie können euch dienen. Nein! Ich verzweifle nicht
90 446 1158 516 daran, gleichfalls an der Seite jener Tapferen zu kämpfen.“
173 510 1366 564 Während alſo der drauf und drein tollende Garibaldi natürlich
93 554 1369 626 mit der Internationale geht, erklärt ſich der feinere und gebildetere
95 616 1364 678 Conſpirator Mazzini, welcher das augenblickliche Sinken der internatio⸗
93 680 1366 744 nalen Actien ſeit der Pariſer Kataſtrophe durchſchaut und mit Marx
93 729 1364 795 noch ein Hühnchen zu rupfen hat, wiederholt gegen die Greuel an der
93 785 1366 860 Seine und gegen die alle Cultur vernichtenden Beſtrebungen der ver⸗
93 837 1366 909 ſchworenen Socialdemokratie. Dafür donnert auch die Internationale
90 895 1364 965 von Dr. Marx in London an bis zu Bebel und Liebknecht in Leipzig
93 967 1366 1023 gegen den maskirten Despoten Mazzini, welcher ſeinen Grundſätzen un⸗
93 1013 1362 1087 treu geworden ſei und eine Tyrannei durch eine andere erſetzen wolle.
95 1068 1364 1135 Weil nun der Socialismus der Internationale dem Arbeiter ganz be⸗
95 1126 1364 1203 ſonders einleuchtet, hat ſich folgerichtig die Anhängerſchaar Mazzini's
88 1188 947 1261 zu Gunſten Garibaldi's in letzter Zeit gelichtet.
175 1238 1366 1306 Um die zerſtreuten Kräfte zu ſichten und zu organiſiren, um die
88 1302 1364 1370 vielen Arbeitervereine und ungläubigen Bünde unter einem ſocial⸗
93 1356 1364 1424 demokratiſchen Banner zu ſammeln, ſchlug die Commissione permanente
90 1410 1362 1486 Ligure einen Congreß nach Rom vor (Dovere von Genua, Nr. 228,
93 1467 1366 1542 16. Aug. 1871). Das Executivcomité des römiſchen Volksklubs (Comi⸗
90 1521 1369 1600 tato esecutivo del circolo popolare di Roma) erklärte alsbald ſeine
93 1581 1366 1658 Bereitwilligkeit zu Beſchickung desſelben. Andere Erklärungen derſelben
93 1641 1366 1713 Art kamen nachderhand aus verſchiedenen Städten, z. B. von der „repub⸗
93 1695 1366 1773 likaniſchen und antikatholiſchen Geſellſchaft von Mirandola; der „demo⸗
90 1753 1366 1825 kratiſchen“ von Mantua, der Garibaldianiſchen (reduci) von Verona.
93 1811 1364 1887 Die drei letztgenannten ſetzten ſich unter einander in Correſpondenz und
93 1869 1364 1945 boten dem Alten von Caprera die Präſidentſchaft aller vereinigten demo⸗
93 1924 1364 2001 kratiſchen Geſellſchaften an, was einem Beitritt zur Internatio⸗
93 1980 1366 2059 nale gleichkam. Derſelbe antwortete (Mailänder Perſeveranza Nr. 2455,
93 2038 1364 2112 3. Sept. 1871): „Theurer Ceretti! Mit Dankbarkeit werde ich die Prä⸗
90 2094 1366 2175 ſidentſchaft der vereinigten demokratiſchen Geſellſchaften annehmen. Ca⸗
90 2141 459 2228 prera, 15. Aug. 71.“
171 2212 1366 2290 In ähnlichem Sinne erklärte ſich das Blatt der liguriſchen Inter⸗
93 2263 1364 2352 nationalen „la giovine Italia“ vom 13. Vindemiale 80 (1. Oct. 71)
