1520 2481
670 87 730 132 21
64 163 1342 231 welcher den Willen meines himmliſchen Vaters thun will, wird erken⸗
62 227 713 297 nen, daß meine Lehre von Gott iſt.
912 272 1251 355 P. P. Roh, S. J.
248 562 1151 642 Zur Geſchichte und Kritik des Placet.
155 721 1342 787 Die Kirche erhielt 1848 in manchen Ländern den Beſitz der ihr
66 773 1342 847 kraft göttlichen Rechtes gebührenden Freiheit. Ihre Oberhirten gingen
68 839 1340 901 vielfach thatſächlich voran, noch bevor ein Geſetz die veralteten Beſtim⸗
70 889 1340 957 mungen ausdrücklich aufgehoben hatte. Sie veröffentlichten in Deutſch⸗
68 955 1335 1017 land ſowohl als in Frankreich ihre Hirtenbriefe und Synodalbeſchlüſſe¹,
62 1004 1342 1068 ohne ein Placet nachgeſucht zu haben; die Regierung erhob hiergegen
68 1058 1340 1128 keine Einſprache. Einſtimmig wurde auf das Referat des Herrn Dom⸗
68 1126 1342 1182 capitulars Baudri (j. Weihbiſchofes von Köln) auch von der Würz⸗
74 1176 1344 1240 burger Biſchofsverſammlung das Recht der Kirche auf eine völlig freie,
70 1234 1344 1304 durch das Placet unbehinderte Verkündigung ihrer Verordnungen als
66 1294 1342 1354 unveräußerlich hingeſtellt. Und wenn Döllinger ebendort behaup⸗
68 1343 1342 1416 tete, es ſei das Beſte, den Weg der Selbſthülfe und Beſitzergreifung
70 1399 1344 1465 in dieſer Frage einzuſchlagen, weil das Placet unrechtmäßig geweſen
70 1465 1346 1523 und die Kirche fortwährend dagegen proteſtirt habe, ſo verlieh er nur
70 1513 1344 1587 der öffentlichen Meinung Ausdruck, wie es ſich bald deutlich zeigte.
70 1573 1348 1643 Denn das Frankfurter Parlament garantirte in ſeiner Verfaſſung die
70 1635 1346 1701 volle Freiheit und Selbſtändigkeit der Kirchen in der Verwaltung
70 1682 1348 1757 ihrer Angelegenheiten. Ähnliches geſchah in Berlin. Die vom Könige
72 1742 1346 1815 Friedrich Wilhelm IV. octroyirte Verfaſſung vom 5. December 1848,
72 1806 1350 1866 wie auch die revidirte vom 31. Januar 1850, räumte der evangeliſchen
74 1854 1350 1933 und katholiſchen Kirche dieſelbe Freiheit ein. Artikel 16 der letztern
74 1916 1350 1978 Urkunde hob das Placet mit den Worten auf: „Der Verkehr der
74 1972 1348 2044 Religionsgeſellſchaften mit ihren Obern iſt ungehindert. Die Bekannt⸗
76 2030 1350 2096 machung kirchlicher Verordnungen iſt nur denſenigen Beſchränkungen
78 2086 1348 2164 unterworfen, welchen alle übrigen Veröffentlichungen unterliegen.“ In
146 2226 1344 2294 ¹ Archiv für katholiſches Kirchenrecht v. J. 1869. XXI. 214, 215. Decreta
76 2274 1263 2359 Cone. prov. Paris. a. 1849, Paris. 1850. Préface des éditeurs p. XVI ss.
