1520 2481
787 97 854 155 26
181 190 1462 252 verſammlungen aus, deren keine gehalten werden dürfe, ohne daß man
184 243 1373 310 vorher die zu verhandelnden Gegenſtände den Parlamenten zeige¹.
275 308 1462 368 Endlich wagte man unter Ludwig XIV. das Placet auf die Er⸗
177 357 1460 421 laſſe einzelner Biſchöfe auszudehnen. Der Anfang wurde bei
186 415 1457 481 Boſſuet gemacht, wohl deßhalb, weil man ihn für den einflußreichſten und
184 469 1460 545 zugleich ſervilſten der Oberhirten hielt. Der Großkanzler de Pontchar⸗
186 529 1460 593 train verbot den Druck ſeiner Schrift, bevor ſie der ſtaatlichen Cenſur
184 583 1460 651 unterworfen worden. Das wollte ſich Boſſuet allenfalls noch gefallen
184 640 1457 702 laſſen; aber die Veröffentlichung der Cenſur an der Spitze ſeiner
184 696 1455 764 Schrift ſchien ihm eine unerträgliche Schande zu ſein. Um dieſe Schmach
186 764 1462 818 von ſich abzuwenden, ſetzte er Alles in Bewegung: er ſchrieb an den
184 812 1460 878 Kanzler und an den König und bat dieſen „kniefällig“; er forderte
184 870 1462 932 den Cardinal Noailles von Paris auf, er wollte ſogar Frau von
186 924 1460 998 Maintenon „um Hülfe anflehen.“ Die ganze Tragweite des Anſin⸗
181 984 1457 1054 nens ſah er voraus. „Man will,“ ſagte er, „den Biſchöfen das Recht,
186 1046 1460 1108 ihr Volk ſchriftlich zu belehren, rauben und mit mir den Anfang zur
186 1093 1464 1161 Begründung dieſer Knechtſchaft machen.“ „Es iſt das eine ſonderbare
186 1151 1462 1221 Tyrannei: unter dem Vorwande, daß möglicher Weiſe Einige ihrer
188 1209 1457 1271 Pflicht für den Staat nicht genügen, alle Andern zu knechten und
186 1259 1460 1333 ihre Hände in dem, was den Glauben, den weſentlichſten Punkt ihres
186 1314 1460 1391 Amtes, betrifft, zu binden.“² Doch Boſſuet ſelbſt hatte durch ſein ſer⸗
186 1381 1462 1438 viles Benehmen 1682 den Einfluß des Papſtes, des mächtigſten Be⸗
186 1430 1462 1498 ſchützers der kirchlichen Freiheit, auf Frankreich paralyſirt, und eine
186 1488 1462 1554 Maintenon konnte nicht wehren, daß die franzöſiſche Bureaukratie das⸗
186 1546 1462 1614 jenige, was ſie dem Papſte gegenüber für erlaubt hielt, nun auch den
184 1610 1464 1670 Biſchöfen anthat, mochte man auch noch einmal aus Rückſicht auf die
184 1658 1462 1734 Perſon Boſſuet's ſeinen flehenden Bitten um Nichtveröffentlichung der
184 1728 852 1788 bereits geſchehenen Cenſur nachgeben.
270 1769 1462 1850 Das iſt die Entwickelung des Placet in Frankreich; aus einer
179 1829 1462 1902 durch die kirchenfeindliche pragmatiſche Sanction erheiſchten Maßregel
186 1897 1462 1957 wurde es allmählich bei dem Umſichgreifen proteſtantiſcher, die Kirche
181 1957 1460 2015 dem Staate unterwerfender Anſchauungen, bei dem zunehmenden Ab⸗
184 2005 1462 2071 ſolutismus des Polizeiſtaates deſſen Mittel zur Knechtung der ganzen
181 2061 1460 2141 kirchlichen Auctorität. Wir dürfen uns darum nicht wundern, daß ſeine
258 2218 951 2276 ¹ D'Argentré, Collectio judiciorum II, 209.
252 2253 1460 2328 ² Rohrbacher, Histoire universelle de l'église cath. Paris. 1852. XXVI.
179 2305 316 2367 276. ss.
