1520 2481
694 78 756 146 73
95 181 1366 246 winnen will.“ (S. 1.) In der That citirt der Verfaſſer auch im Verlaufe ſeiner
99 223 1364 289 Abhandlung bloß dieſe beiden Schriftchen, das ſogen. Summarium (und zwar aus
103 270 1364 324 demſelben nur fünf Regeln) und den Brief des hl. Ignatius. Wie er aber aus
95 310 1366 378 dieſen fünf Regeln und einem Briefe, der geſchrieben wurde, als die Geſellſchaft
95 357 1366 425 Jeſu ſchon längſt beſtand, „ein ebenſo klares als richtiges Urtheil über die innere
93 401 1364 469 Einrichtung des Ordens gewinnen will“, iſt mir abſolut unfaßbar. Das Summa⸗
95 446 1366 506 rium iſt der Überſchrift gemäß nur eine kurze Zuſammenſtellung der hauptſächlichſten
95 492 1364 549 Pflichten der Mitglieder¹, handelt aber gar nicht von der Einrichtung der Ge⸗
97 535 1362 601 ſellſchaft, nicht von den verſchiedenen Stufen, Graden, Aemtern, Beſchäftigungen u. ſ. w.
101 587 1364 640 und der Brief des hl. Ignatius iſt ein Gelegenheitsſchreiben, das mit der Einrich⸗
101 630 1366 686 tung der Geſellſchaft, die ſchon vor ſeiner Abfaſſung beſtand, nichts zu thun hat, ſon⸗
99 669 1366 738 dern eine Pflicht des Ordenslebens im Allgemeinen erläutert. Es iſt doch wohl nicht
95 727 1366 777 zu viel verlangt von einem Gymnaſial⸗Religionslehrex, der über den Jeſuitenorden
90 760 1366 827 ſchreiben will, daß er wiſſe, die innere und äußere Einrichtung der Geſellſchaft Jeſu
90 804 1364 862 ſei nur zu erlernen aus dem vollſtändigen Inſtitute derſelben. Wäre nicht wohl auch
90 849 1369 917 in einer der öffentlichen Bibliotheken Breslau's, die ſich ja aus den Bücherſchätzen der
93 897 1364 951 aufgehobenen Klöſter bereichert haben, ein Exemplar desſelben mit leichter Mühe
93 951 1366 1004 aufzutreiben geweſen? Wenn Dr. Weber ſich der Mühe unterziehen will, dasſelbe
93 984 1364 1050 durch⸗zuſtudiren (es beſteht allerdings in zwei anſtändigen Folianten und nicht
93 1033 1364 1087 in einem kleinen Duodezbändchen, wie die beiden von ihm benutzten Quellen), dann
95 1077 1364 1130 wird er zunächſt bekannt werden mit den vom hl. Ignatius herrührenden Conſtitu⸗
97 1118 1362 1176 tionen und den vom nämlichen Heiligen hinzugefügten Declarationen, welche zuſam⸗
93 1166 1364 1221 men die Grundlage der Einrichtung der Geſellſchaft Jeſu bilden; ferner mit den
95 1207 1364 1273 Decreten der Generalcongregationen, welche auch Geſetzeskraft haben, mit den voll⸗
99 1248 1364 1316 ſtändigen Regeln der Obern, Untergebenen, und endlich mit den Ordinationen und
95 1296 1362 1362 Inſtructionen der Generäle, welche theils die Regeln erklären, theils ihre Praxis er⸗
93 1339 1364 1403 läutern. Aus dieſen Quellen wird er dann auch ein vollſtändiges Bild der innern
95 1383 1362 1449 und äußern Einrichtung des Ordens gewinnen. Aus den beiden von ihm benutzten
95 1426 1364 1494 Quellen aber dieſelbe kennen lernen wollen, heißt ebenſoviel, als aus den Schulgeſetzen,
93 1472 1364 1532 die jährlich den Gymnaſiaſten verleſen werden, und aus der einen einzelnen Punct
93 1517 1366 1577 derſelben erläuternden Rede des Directors die innere Einrichtung eines preußiſchen
90 1558 545 1620 Gymnaſiums erkennen wollen.
157 1608 1364 1670 Die erſte Pflicht alſo des unparteiiſchen Hiſtorikers, die vollſtändigen Quellen,
93 1651 1362 1716 und nur wirkliche Quellen zu benutzen, hat der Verfaſſer nicht beobachtet. Dieſe
93 1699 1366 1755 grobe Unkenntniß der Quellen hat ihn deshalb auch zu groben Mißgriffen
97 1742 1362 1798 und Irrthümern verleitet. Ein Beiſpiel wird genügen, dieſes darzuthun. „Von
95 1786 1364 1852 Rechten der Untergebenen gegenüber ihren Vorgeſetzten iſt in der Geſellſchaft ſo gut
93 1829 1364 1895 wie gar nicht die Rede“, behauptet er (S. 3.), und auf der folgenden Seite leſen wir
93 1873 1362 1933 ſogar: „Der Untergebene hat ſeinen Vorgeſetzten gegenüber ſchließlich kein Recht, ſon⸗
95 1918 1364 1986 dern nur die Pflicht zu ſchweigen“ (S. 4.). Wenn dieſes wirklich der Fall wäre,
95 1964 1364 2026 was dann? Wenn es dem Herrn. Dr. Weber geſtattet war, durch ſeinen Eintritt in
93 2005 1364 2067 den Prieſterſtand und noch mehr durch ſeinen Eintritt in den Staatsdienſt auf manche
97 2053 1364 2110 Rechte zu verzichten, ſteht es dann mir nicht frei, auf dieſe und meinetwegen auf
93 2096 1364 2162 alle Rechte zu verzichten, ſo lange nur die Rechte Gottes nicht dadurch beeinträchtigt
90 2137 1364 2212 werden? Aber ſeine Behauptung iſt nicht wahr, ſondern grundfalſch. Wir wollen
173 2245 1364 2313 ¹ Summarium earum constitutionum, quae ad spiritualem Nostrorum insti-
88 2286 980 2375 tutionem pertinent et ab omnibus observandae sunt.
