1520 2481
800 53 864 119 22
196 148 1470 215 Öſterreich ſchaffte die kaiſerliche Verordnung vom 18. April 1850 §§. 1
194 217 1468 283 und 2 das Placet ab. Vorher ſchon hatte Art. 170 des holländiſchen
196 272 1466 332 Grundgeſetzes vom 14. October 1848 dieſelbe Feſſel der katholiſchen
196 322 1468 390 Freiheit beſeitigt. So ſchienen Alle: Staat und Kirche, Volk und Re⸗
194 380 1470 448 gierung, Fürſten und Biſchöfe, in dieſem Punkte einmüthig zu ſein.
194 438 1466 504 Aber ſiehe, da der Papſt durch den Syllabus vom 8. December 1864,
194 489 1470 556 und das Vaticanum durch die Conſtitution vom 18. Juli 1870 dieſem
192 545 1466 611 einſtimmigen Urtheil das Siegel aufdrückt, nimmt zuerſt Napoleon III.
192 605 1464 671 wiederum die verroſtete und abgeſtumpfte Waffe zur Hand, und unge⸗
194 667 1470 729 ſchreckt durch das Fiasco, welches derſelbe hierbei erfuhr, und welches
194 717 1468 789 ſogar die ihm damals ſervile italieniſche Regierung von der Nachahmung
196 785 1468 847 ſeines Verfahrens abhielt, haben mehrere unſerer heutigen Liberalen
192 841 1466 899 wider die vaticaniſche Conſtitution die eminente Brauchbarkeit jenes ver⸗
188 889 1468 955 alteten Rüſtzeuges empfohlen. Ihnen gegenüber wollen wir nach eini⸗
190 948 1468 1021 gen Vorbemerkungen über den Begriff des Placet die vorzüglichſten
192 1004 1462 1079 gegneriſchen Gründe für Beibehaltung und Ausübung desſelben prüfen¹.
277 1058 1466 1130 Das Placet, d. i. die aus den landesherrlichen Hoheitsrechten ab⸗
192 1122 1462 1188 geleitete Erlaubniß zur Veröffentlichung eines kirchlichen Erlaſſes,
190 1178 1468 1240 ohne welche dieſe Veröffentlichung nicht geſchehen dürfe, iſt von der
190 1228 1468 1302 freundſchaftlichen Mittheilung des Erlaſſes an die Staats⸗
188 1285 1464 1358 behörden, ſowie von der durch den Staat erfolgten Anerkennung,
190 1350 1464 1414 welche kirchliche Geſetze oder Urtheile mit ſtaatlicher Auctorität bekleidet,
190 1403 1468 1465 wohl zu unterſcheiden. Dadurch, daß kirchliche Erlaſſe das Placet er⸗
188 1455 1466 1525 halten, werden ſie noch nicht zu Staatsgeſetzen erhoben. Die Fürſten
188 1523 1468 1587 hatten ſich nun ziemlich allgemein in der zweiten Hälfte des vorigen
190 1575 1464 1637 Jahrhunderts das Recht zugeſprochen, die Verkündigung päpſtlicher und
186 1627 1466 1701 biſchöflicher Erlaſſe gänzlich von ihrem Gutdünken abhängig machen zu
186 1685 1464 1759 dürfen, dieſelbe könne nur mit ihrem Wiſſen und Willen geſchehen,
188 1742 1464 1809 und ſei ohne ſtaatliche Genehmigung (Placet, Exequatur, Pareatis)
186 1800 1466 1866 verboten. Sie beriefen ſich für dieſe Forderung, daß „ohne ihren Be⸗
186 1864 1464 1926 fehl weder Hand noch Fuß“ von der kirchlichen Auctorität bewegt wer⸗
177 1912 1464 1982 den ſolle, ſowohl auf das Herkommen als auf die Kronrechte,
184 1974 1462 2044 ſeltener auf päpſtliche Bewilligung. Bei unſerer Unterſuchung
181 2036 1462 2100 wollen wir mit dem zuletzt angeführten Grunde beginnen, weil er ſich
184 2090 847 2160 mit wenigen Worten abmachen läßt.
260 2216 1464 2276 ¹ Der aus dem bayeriſchen Religionsedict hergenommene Grund iſt von uns
184 2259 1232 2354 bereits im vorigen Jahre im Novemberheſt der Monatsſchrift geprüft.
