1520 2481
690 66 752 142 67
169 169 535 231 Stahl¹ ſpricht alſo:
163 229 1360 285 „Erziehung und Unterricht zu beſtimmen, iſt das Recht des Vaters, iſt der Kern
86 264 1360 326 der väterlichen Gewalt. Dieſes Recht kann der Staat nicht entziehen und an ſich
88 318 1364 370 reißen. Allein der Staat hat auch ſeinerſeits Beruf und Recht, Erziehung und Unter⸗
86 357 1366 411 richt zu leiten. Dem Vater liegt die Erziehung und Bildung ſeines Kindes ob; aber
86 403 1366 458 dem Staate liegt es ob, der Nation reine Sitte zu ſichern und höhere Bildung zu
86 442 1364 510 gewinnen. So ſind Erziehung und Unterricht Ausfluß der väterlichen Gewalt und
90 492 1366 549 ſind Ausfluß der Staatsgewalt, beides, jencs für die individuelle Erziehung, dieſes
90 533 500 593 für die Nationalerziehung.“
171 587 1369 663 Stellen wir dieſem Beweiſe einen ähnlichen zur Seite, welcher ſich
90 649 1373 711 auf eine verwandte, gleichfalls privatrechtliche, Materie bezieht: dem Ein⸗
90 717 1373 771 zelnen liegt die Adminiſtration ſeines Vermögens ob, aber dem Staate
90 756 1373 824 liegt es ob, der Nation die materiellen Güter zu ſichern und höheren
93 816 1373 891 Wohlſtand zu gewinnen. So iſt die Adminiſtration des Privateigen⸗
88 882 1373 951 thums Ausfluß des Eigenthumsrechtes und iſt Ausfluß der Staatsgewalt,
93 928 1377 1008 beides, jenes im Intereſſe des Einzelnen, dieſes im Intereſſe des National⸗
95 994 1377 1058 Wohlſtandes. Wird wohl Jemanden dieſer Beweis genügen, dem Staat
93 1044 1375 1114 ein eigentliches Adminiſtrationsrecht alles Privateigenthums neben dem
95 1097 1373 1172 Dispoſitionsrechte des Eigenthümers zuzuſprechen? Nein! Ebenſo wenig
97 1174 1377 1226 genügt jener Beweis Stahl's zur Begründung eines mit dem elterlichen
95 1217 1377 1292 concurrirenden Erziehungsrechtes. Seine Beamten nach eigenem Ermeſſen
99 1275 1377 1337 heranzubilden beſtreiten wir dem Staate ebenſo wenig, als die Admini⸗
97 1329 1379 1393 ſtration ſeiner Domänen; und den nationalen Sinn unter ſeinen Bürgern
97 1391 1379 1461 durch geeignete Mittel zu pflegen ſteht ihm ſicher frei, ſo weit er nicht
99 1441 1377 1517 Privatrechte dadurch beeinträchtigt. Aber zu einer mit der Verwaltung
99 1503 1377 1575 durch die Eigenthümer concurrirenden Adminiſtration alles Privateigen⸗
101 1560 1373 1622 thums hat er kein Recht, und ebenſo wenig zur Mit⸗Erziehung aller
99 1620 589 1693 Kinder ſeiner Unterthanen.
177 1672 1383 1740 Ein dritter Gegner iſt neuerdings in der Revue des deux mondes
105 1734 1381 1798 aufgetreten. In einem Artikel, welcher Unentgeltlichkeit des Unterrichts
103 1790 1387 1862 und Zwangsbeſtimmungen über deſſen Empfang von der praktiſchen
109 1846 1383 1920 Seite beſpricht, wird nämlich auch die Frage nach der juriſtiſchen Berech⸗
105 1904 1385 1968 tigung des Staates zum Zwange berührt; dieſelbe erfährt indeß ſofort
103 1959 1383 2034 eine bejahende Antwort, namentlich auf Grund einer von Couſin im
101 2013 1234 2081 Jahre 1833 vor der Pairs⸗Kammer vorgetragenen Erörterung.
179 2079 1383 2141 „Ein Geſetz,“ ſo ſagt Conſin², „welches den Elementar⸗Unterricht zu einer geſetz⸗
107 2123 1383 2199 lichen Pflicht machen würde, ſcheint uns ebenſo wenig über die Befugniß des Geſetz⸗
184 2226 1338 2294 ¹ Die Philoſoſophie des Rechts. Heidelberg 1854. Bd. 2. Abth. 1, S. 492.
186 2272 988 2371 ² Revue des deux mondes, 1. Juni 1870, S. 651.
1131 2319 1172 2385 5*
