1520 2481
682 57 742 136 57
390 190 1044 270 I. Das natürliche Recht der Eltern.
165 264 1358 337 Um den Beweis zu liefern, daß das natürliche Recht der Eltern
80 318 1356 396 die Einmiſchung des Staates in das Erziehungsweſen durch Schul⸗
82 378 1358 452 monopol, Schulzwang und ähnliche legislative Verfügungen in der oben
82 440 1356 510 angegebenen Weiſe als rechtswidrig zurückweist, legen wir dem Leſer
80 498 1172 568 einfach folgende Punkte zur unparteiiſchen Beurtheilung vor:
167 556 1358 616 1. Kann der Staat durch ſeine Geſetzgebung mit den
80 599 1358 686 Rechten ſeiner Unterthanen überhaupt nach Belieben
80 657 545 731 ſchalten und walten?
163 719 1352 798 Wäre das der Fall, ſo wäre es keine Rechtsverletzung geweſen,
80 775 1356 847 wenn der ſouveraine Caligula zu ſeiner Unterhaltung bei Tiſch nach
80 829 1356 911 Belieben einige Leute vor ſeinen Augen foltern ließ; es wäre auch
80 891 1356 963 keine Rechtsverletzung geweſen, wenn ein Philipp IV. von Frankreich
80 948 1354 1021 in einer Nacht plötzlich alle Italiener (dieſe hatten nämlich die Banquiers⸗
80 1013 1356 1077 geſchäfte zum großen Theil in Händen) feſtnehmen ließ, um ihnen be⸗
80 1058 1358 1137 deutende Summen als Löſegeld abzupreſſen; es wäre endlich auch keine
78 1116 1358 1192 Rechtsverletzung geweſen, wenn ein deutſcher Fürſt des vorigen Jahr⸗
78 1168 1356 1250 hunderts ſeine Unterthanen zum Militärdienſt aushob und als Solda⸗
78 1230 1358 1308 ten nach Amerika verkaufte. Im ſchlimmſten Fall hätte es in allen
80 1283 1358 1362 dieſen Fällen nur etwa noch ſchriftlicher Abfaſſung und Einhaltung der
80 1341 1358 1424 ſonſt üblichen Formen bedurft, um ein Ding zu erſchaffen, was heut⸗
78 1399 1356 1474 zutage Manche ein „formell zu Recht beſtehendes Geſetz“ taufen würden.
80 1457 1358 1536 Auch wird wohl Niemand im Ernſt behaupten wollen, der abſoluten
82 1515 1358 1591 Monarchie ſeien zwar rechtliche Schranken geſetzt; der conſtitutionelle
80 1571 1360 1654 Staat des 19. Jahrhunderts dagegen ſei über jede Beſchränkung ſeiner
82 1627 1358 1711 geſetzgebenden Gewalt erhaben. Jedenfalls wären wir neugierig zu
80 1687 1356 1763 erfahren, wo denn der moderne Staat dieſe Entdeckung oder Acquiſi⸗
80 1740 1358 1819 tion neuer Rechte gemacht, welche den frühern Jahrtauſenden verborgen
80 1800 1358 1879 geblieben? Hat etwa die Darwin'ſche Fortentwicklung auch die ſocialen
80 1852 1356 1937 Gebilde der Staaten ergriffen, ſo daß mit dem 19. Jahrhundert zuerſt
80 1910 1075 1995 das Morgenroth wirklicher Staaten angebrochen wäre?
163 1968 1358 2048 Vielleicht wundert ſich der Leſer, daß wir ſo ſelbſtverſtändliche
84 2024 1354 2108 Sachen zu beweiſen ſuchen. Denn in der That, man muß Jurisprudenz
84 2081 1358 2158 ſtudirt haben, um zu der Idee zu gelangen, es könne der Staat ohne
82 2137 1356 2222 „formelle“ Rechtsverletzung ſeinen Unterthanen auf gut Türkiſch die
82 2191 1356 2282 Köpfe abſchlagen, oder ihre Beſitzungen ſequeſtriren, vorausgeſetzt nur,
86 2249 1358 2346 daß die entſprechenden Kammer⸗Majoritäten vorerſt die dazu erforder⸗
