1521 2481
788 0 858 124 14
275 167 1463 225 Wer dieſes Gemälde anſieht, und die Lebensgeſchichte Chriſti, wie
180 215 1463 283 ſie im Bewußtſein der Menſchheit aufbewahrt und in den Büchern des
188 272 1463 339 Neuen Bundes aufgeſchrieben iſt, kennt, muß der ſich nicht ſagen: Das
186 326 1463 392 von den Propheten ſo lange vorher ausgeführte Bild iſt offenbar das
188 386 1463 450 Bild Chriſti? Chriſtus iſt alſo der von Gott als Erlöſer der Welt
180 442 587 506 verheißene Gottmenſch.
273 500 1465 564 Der Verfaſſer dieſer Zeilen weiß recht wohl, was die Rationaliſten
182 554 1463 626 gegen dieſen Beweis einzuwenden pflegen. Er bedauert die viele Zeit,
182 609 1463 682 welche er auf ihre Schriften verwendet hat. Seit langer Zeit be⸗
186 665 1465 738 ſchäftigen ſich jene Herrn größtentheils mit Kritik und Hyperkritik der
182 721 1463 798 Bibel. Die Echtheit, die Unverfälſchtheit, die Wahrhaftigkeit (Nichts
186 789 1463 855 zu ſagen von der göttlichen Inſpiration) der meiſten, wenn nicht ſämmt⸗
184 839 1463 909 licher, heiligen Bücher des alten und neuen Bundes iſt ihnen wenig⸗
186 903 1460 971 ſtens zweifelhaft. Nicht Wenigen von ihnen iſt die Bibel ein Fabelbuch,
186 957 1463 1017 Chriſtus eine Fabel. Und dieſe Herren beſteigen dennoch Katheder und
180 1011 1463 1079 Kanzel, um den großen Weltbetrug fortzuſetzen, die Religion der Bibel
186 1073 1463 1132 zu lehren! Iſt es dieſen Menſchen um Wahrheit zu thun? Was
186 1126 1465 1192 nützt es, ſich mit ihnen in Streit einzulaſſen, ihnen ihren Irrthum
188 1178 1463 1248 nachzuweiſen? Wird dabei auch nur irgend ein wiſſenſchaftlicher, poſi⸗
184 1234 773 1302 tiver Gewinn ſich herausſtellen?
279 1300 1467 1362 Wohin führen denn alle ihre noch ſo gelehrt ſein ſollenden Ner⸗
182 1343 1465 1418 geleien über die Bücher des alten Bundes? Sie wollen damit jenen
188 1416 1469 1478 Büchern ihren prophetiſchen Charakter und ſomit die göttliche Auctorität
188 1467 1467 1536 entziehen. Vergebliche Mühe! Für die Echtheit, weſentliche Unverſehrt⸗
186 1527 1465 1594 heit und Wahrhaftigkeit, wie für die göttliche Inſpiration jener Bücher
188 1581 1471 1645 ſteht die Auctorität der Juden ein. Dieſe Bücher waren für das Volk
182 1629 1467 1707 Israel zugleich religiöſes und politiſches Geſetz. Das Geſetz war ein
186 1691 1467 1761 hartes Joch, das nur, und zwar noch mit ſtetem Widerſtreben, als von
182 1747 1467 1817 Gott auferlegt getragen wurde, und für dieſe Bücher ſtand Israel
186 1802 1467 1873 immer ein, und Viele gaben lieber ihr Leben dafür, als daß ſie dieſe
190 1869 1465 1928 heiligen Bücher einem Antiochus zur Vernichtung ausgeliefert hätten.
188 1918 1467 1982 Was vermögen gegen ein ſo glänzendes Zeugniß alle Spinnengewebe
188 1974 1467 2040 moderner, inconſequenteſter Kritik? Bekanntlich berufen ſich die Chriſten
190 2038 1467 2102 ſeit 18. Jahrhunderten auf jene Bücher gegen die Juden ſelbſt, und die
190 2100 1467 2152 Juden ſtehen heute noch für ihre ungeſchmälerte Auctorität ein. Was
188 2146 1467 2210 hilft da jede Kritik und Hyperkritik? — Kein Kritiker hat es bis
188 2201 1469 2268 heute noch gewagt, die weltkundige Thatſache zu läugnen, daß jene
192 2247 1467 2338 Bücher, aus denen wir Chriſten die meſſianiſche Würde Jeſu von
