1520 2481
707 84 756 146 77
88 175 1360 237 Unbekanntſchaft mit jenen Quellen, welche derjenige, der über das Ordensleben
86 219 1360 291 ſchreiben will, nothwendig kennen muß. Ich habe ſchon darauf hingewieſen, daß der
88 262 1358 334 hl. Ignatius ſich in ſeinen bildlichen Ausdrücken an ſeine hl. Vorgänger angeſchloſſen
86 312 1358 365 hat¹. Der Vergleich mit dem Stab eines Greiſes ſcheint einer Stelle des hl. Baſi⸗
84 353 1358 423 lius nachgebildet. „Wie der Schreiner oder der Zimmermann ſein Handwerkszeug
86 396 1358 467 gebraucht nach ſeinem Gutdünken, und kein Werkzeug ſagt, es wolle nicht zu dem
86 446 1358 504 vom Meiſter gewollten Gebrauche dienen, ſondern der Hand des Meiſters ſich fügt,
88 487 1360 552 ſo geziemt es ſich, daß der Mönch in Allem gehorche, in welchem der Abt ſeinen
84 533 1358 597 Dienſt für gut und nützlich hält.“² Zwiſchen dem Handwerkszeug des hl. Baſilius
88 580 1356 642 und dem Stab des hl. Ignatius findet wohl ſelbſt ein Privatdocent der Philoſophie
86 620 1358 690 keinen großen Unterſchied. Und der ſchreckliche „Cadaver⸗Gehorſam“? Der hl. Bo⸗
86 663 1358 731 naventura erzählt folgenden Zug aus dem Leben des hl. Franciscus von Aſſiſi: „Als
84 709 1354 777 der Heilige einſt gefragt wurde, wer für wahrhaft gehorſam gehalten werden dürfe,
84 756 1356 822 gab er als Muſter einen Leichnam an (corporis mortui similitudinem pro exemplo
84 802 1358 864 proposuit). Nimm, ſagte er, einen lebloſen Leib (corpus exanime) und lege ihn
86 845 1358 913 wohin du willſt. Du wirſt ſehen, daß er der Bewegung nicht widerſtrebt, über ſeine
84 889 1358 946 Lage nicht murrt, über ſeinen Fall nicht klagt. Das, ſagte er, iſt der wahrhaft Ge⸗
82 930 1358 1000 horſame (hic, ait, verus obediens est)“³. Welcher Unterſchied iſt zwiſchen dem
82 979 1106 1042 „Cadaver“ auf der einen Seite und dem Leichnam auf der andern?
148 1027 1358 1081 Durch dieſe Beiſpiele, die ſich leicht vermehren ließen, da, wie geſagt, jeder Satz
86 1068 1356 1124 des Briefes über den Gehorſam unſchwer ſeine Parallele bei den ältern Asceten findet,
88 1112 1356 1170 dürſte wohl hinlänglich conſtatirt ſein, daß der Verfaſſer trotz ſeines Verſprechens der
86 1155 1356 1221 Unparteilichkeit und Objectivität nicht die geringſte Mühe angewendet hat, um ſich
86 1201 1356 1257 mit den Quellen des zu behandelnden Stoffes bekannt zu machen, ſondern mit un⸗
86 1244 1356 1302 verantwortlichem Leichtſinn über Dinge ſchreibt, deren erſte Elemente ihm fremd ſind.
88 1290 1358 1356 Es genügt eben nicht Gymnaſiallehrer oder auch ſogar Privatdocent zu ſein, um über
84 1335 829 1395 ascetiſche Stoffe und Ordenspflichten zu ſchreiben.
150 1376 1358 1436 2. Wenn es darum zu thun wäre, den Gehorſam der Jeſuiten gegen den Ver⸗
90 1424 1358 1482 faſſer zu vertheidigen, ſo könnten wir ſchließen; denn allen ſeinen Einwürfen dürfen
90 1467 1356 1523 wir die Antwort entgegenſtellen, er möge die nothwendigſten Quellen anſehen, bevor
88 1511 1356 1577 er über Dinge ſpreche, die er nicht im entfernteſten verſteht. Doch wir wollen auf
88 1554 1356 1622 ſeine Einwendungen eingehen, indem wir ihm zugeſtehen wollen, daß ſich aus dem
88 1600 1356 1666 Summarium und dem Brief des hl. Ignatius zwar nicht „ein klares und richtiges
88 1643 1356 1701 Urtheil über die innere Einrichtung der Geſellſchaft Jeſu“, aber doch ein deutliches
88 1687 1358 1757 Bild von dem Gehorſam der Jeſuiten gewinnen läßt. Unſer Zweck bei dieſer Recenſion
86 1734 1354 1800 iſt ja doch nur, wieder einmal unwiderleglich zu conſtatiren, daß es mit der ſo hoch⸗
84 1778 1356 1840 gerühmten Wiſſenſchaftlichkeit der proteſtkatholiſchen Herren nicht weit her iſt, und
86 1823 1356 1889 daß nicht Wahrheitsliebe ſie leitet bei ihren Arbeiten. Deshalb müſſen wir noch
86 1864 1356 1933 unterſuchen, durch welche „wiſſenſchaftlichen“ Mittel es dem Verfaſſer gelungen iſt,
90 1910 1348 1980 aus den benutzten Quellen ein Zerrbild des jeſuitiſchen Gehorſams zu liefern. Dieſe
93 1955 1348 2022 thochwiſſenſchaftlichen“ Mittel ſind falſche, der Grammatik und dem Lexikon in's
90 1997 1352 2073 Angeſicht ſchlagende Ueberſetzungen und willkürliche, aller Logik Hohn ſprechende
84 2032 556 2115 Deutungen der citirten Stellen.
150 2086 1354 2154 Bevor wir dieſes durch Beiſpiele belegen, wollen wir an einem Excurſe, den Dr.
146 2203 734 2276 ¹ Stimmen aus M.⸗Laach. I. S. 461.
146 2251 1054 2319 ² S. Basil. Constit. monast. c. 22. n. 5. (Opp. II. 573.)
142 2296 1350 2375 ³ S. Bonav. Vita S. Franc. c. b. (Opp. ed. Peltier. Paris. 1868. XIV. 312.)
