1520 2481
636 66 694 134 27
35 157 1309 235 Entwickelung auch in andern Ländern gleichen Schritt hielt mit der des
33 215 485 291 ſtaatlichen Abſolutismus.
115 277 1306 351 Belgien bildet ein bedeutendes Moment in dieſer Entwickelung.
33 326 1311 409 Während des XV. Jahrhunderts ſtand es in inniger Berührung mit
33 386 1306 465 Frankreich, weil es dem vorzüglichſten Vaſallen dieſes Landes, dem Her⸗
28 444 1309 521 zoge von Burgund, unterworfen war. Mochte nun auch Philipp der
33 498 1313 578 Gute von Burgund vom Baſeler Concil nichts wiſſen wollen, und ſowohl
31 562 1311 630 er als ſein Sohn in häufige Fehden mit dem Lehensherrn verwickelt ſein,
33 611 1309 690 die Zuſammengehörigkeit und Nähe Belgiens eröffnete den Ideen der
33 671 1309 746 franzöſiſchen Legiſten, der Hauptträger des Gallicanismus, dorthin freien
31 729 1309 806 Eingang, und der Umſtand, daß viele Niederländer auf der berühmten
33 783 1306 864 Rechtsſchule zu Orleans ſtudirten,¹ mußte den Einfluß der franzöſiſchen
31 841 1309 920 Jurisprudenz auf das Nachbarland vermehren. Selbſt als Belgien
33 903 1306 977 längſt von Frankreich vollſtändig getrennt war, konnte der heilige Stuhl
33 953 1304 1031 niemals in Belgien das Verbot der Schriften Dumoulin's durchſetzen.
35 1011 1306 1091 Wie nun die franzöſiſchen Legiſten von glühendem Haſſe gegen die große
35 1073 1306 1145 Ausdehnung der geiſtlichen Gerichtsbarkeit beſeelt und die auf ihr
33 1128 1306 1203 Betreiben erlaſſene pragmatiſche Sanction von Bourges vorzüglich gegen
33 1186 1304 1257 die päpſtliche Pfründeverleihung gerichtet war, ſo betrafen auch die Ver⸗
35 1244 1304 1304 ordnungen, woraus ſich das Placet in den Niederlanden entwickelte, nur
33 1300 1302 1376 die Proceſſe vor geiſtlichen Gerichten und die Pfründeverleihungen. Im
33 1354 1304 1434 Ganzen blieb, Dank der Pietät der belgiſchen Statthalter gegen den
33 1412 1306 1488 heiligen Stuhl, auch für die Zukunft das Placet in Belgien auf dieſe
33 1467 1304 1546 beiden Punkte beſchränkt, wie u. A. Philipp IV. von Spanien in der
33 1525 1304 1602 ausdrücklichſten Weiſe durch einen Erlaß vom 13. Juni 1659 ausge⸗
31 1581 1304 1658 ſprochen hat². Wir ſagten: im Ganzen; denn die janſeniſche Partei,
31 1639 1304 1718 welche in Belgien, dem Vaterlande des Bajus und Janſenius und dem
28 1695 1300 1771 Zufluchtsort der aus Frankreich vertriebenen Sectirer, ſo mächtig war,
35 1755 1304 1827 ließ nichts unverſucht, um das Placet auf dogmatiſche Erlaſſe auszu⸗
33 1809 1311 1883 dehnen und hierdurch die Veröffentlichung der wider ſie geſchleuderten
33 1864 1306 1947 Bullen und Cenſuren zu verhindern, und ſie erlangte zu verſchiedenen
37 1922 1302 2003 Malen wirklich einen günſtigen Beſcheid von den höchſten Provinzial⸗
119 2055 1300 2121 Die Niederländer bildeten mit den Deutſchen auf dieſer Univerſität eine Na⸗
31 2096 1298 2166 tion, welche ſich vor den anderen durch ihre Privilegien auszeichnete. C. v. Savigny,
33 2133 833 2216 Geſchichte des Röm. Rechts im Mittelalter. III. 371.
122 2189 1298 2245 „Placitis non requisitis nisi in materia beneficiaria et litigiosa.“ Van
28 2228 1298 2313 Espen, de promulgat. legum. Appendix monumentorum. T. Opp. Ed. Colon.
28 2245 161 2338 IV. 212.
