1520 2481
837 55 899 113 18
229 150 1505 221 heißen es gut, folgen aber doch dem Schlechtern. Das Herz iſt ein
227 204 1503 274 gewandter Sophiſt. Wie viel weiß es nicht dem Verſtande einzuwen⸗
227 258 1503 330 den, vorzuſpiegeln, wie viel Staub weiß es nicht aufzuwerfen, um ſeinen
229 314 1501 384 Blick zu trüben? Wie oft geſchieht es nicht, daß ein mächtiger Geiſt
225 370 1503 440 im Dienſte eines thörichten Herzens die traurigſten Arbeiten verrichtet?
227 427 1501 502 Schaffe man dieſe Arbeiten aus der Literatur der 18 chriſtlichen Jahr⸗
227 487 1503 560 hunderte hinweg: was bleibt noch Antichriſtliches übrig? Die Heiligen
225 541 1503 614 haben gegen das Chriſtenthum Nichts geſchrieben. — Im Dienſte der
221 601 1499 674 Sünde hat aber der menſchliche Verſtand gegen das Lehrgebäude Chriſti
225 659 1501 725 Alles aufgeboten. Es iſt an dem großen Bau kein Quadratzoll, gegen
221 711 1499 781 welchen man nicht alle Mauerbrecher hätte ſpielen laſſen. Und mit
219 769 1501 841 welcher Ausdauer! Tauſendmal abgeſchlagen kehrt man ſtets wieder
221 827 1499 895 zum Angriffe zurück. Der unvordenkliche Beſitzſtand ſichert jedem Men⸗
217 882 1499 959 ſchen ſein Eigenthum. Der Beſitzſtand des Chriſtenthums zählt achtzehn
223 938 1499 1008 Jahrhunderte. Das wird gar nicht beachtet. Seit achtzehn Jahrhunder⸗
221 1002 1499 1070 ten hat das Chriſtenthum vor der Menſchheit ſich legitimirt und ſeine
221 1052 1497 1122 Rechtstitel vorgewieſen. Das gilt nicht. Jeder Ankömmling, der auf
223 1114 1497 1178 Erden dem Chriſtenthum begegnet, fordert ihm ſeine Papiere ab und
221 1168 1497 1232 rechtet mit ihm über Alles und Jedes. Und das Chriſtenthum iſt noch
219 1221 1497 1290 Keinem Rede und Antwort ſchuldig geblieben. Seine Feinde alle ſind
217 1281 1114 1345 vorübergegangen, verſchwunden: es ſteht noch da!
312 1348 1499 1403 Schwache Köpfe werden irre über dieſe beſtändigen Angriffe gegen
221 1393 1497 1461 das Chriſtenthum und denken: es muß denn doch am Chriſtenthum
217 1455 1497 1523 nicht Alles ſo ganz richtig ſein, ſonſt würde man es nicht immerfort,
219 1513 1497 1581 ſo heftig anfeinden? Gerade das Gegentheil! Man belagert und beſchießt
217 1571 1497 1635 eine Feſtung nur, ſo lange ſie feſtſteht und ſich kräftig vertheidigt. Hat
221 1627 1499 1691 man einmal eine hinreichende Breſche geſchoſſen, ſo dringt man durch
221 1687 1497 1753 dieſelbe ein, und die Belagerung hört auf. Wie groß müßte nun die
217 1738 1495 1802 Breſche ſein, damit die chriſtliche Feſte ſich ergebe? So klein wie nur
221 1798 1497 1860 immer denkbar. Beweiſe man uns Chriſten, daß eine einzige Lehre
221 1852 1497 1918 Chriſti falſch ſei, ſo übergeben wir die ganze Feſtung, weil wir nicht
219 1908 916 1980 mehr an die Gottheit Chriſti glauben.
306 1964 1497 2036 Wer aber Ewiges, Unzerſtörbares ſchafft, iſt der nicht mehr
217 2024 1495 2092 als ein Menſch? Daß der Mahommedanismus ſo lange ſteht, muß uns
221 2090 1495 2146 nicht wundern. Einerſeits iſt er die Religion des Fleiſches, anderer⸗
219 2135 1495 2203 ſeits pfählt er ſeine Kritiker, und was er noch Wahres enthält, ge⸗
219 2199 1495 2257 hört dem Chriſtenthum. Ebenſo wenig darf der Fortbeſtand des Heiden⸗
217 2245 1495 2330 thums uns wundern. So lange es Menſchen geben wird, die ihren
