1520 2481
750 107 810 163 82
146 200 1424 256 Dr. Weber die in der Vorrede gerühmte Unparteilichkeit und Objectivität beobachtet
150 246 1422 305 hat, oder nicht. Er wird mit uns dafür halten, daß Herr Dr. Weber ſich entweder
148 295 1422 347 eines unverantwortlichen Leichtſinns ſchuldig gemacht, da er, ohne die allernothwendigſten
148 334 1422 390 Vorſtudien zu machen, über einen Gegenſtand ſchrieb, von dem er geradezu nichts
148 376 1424 440 verſtand, oder aber (was ſich kaum annehmen läßt) des unqualificirbaren Verfahrens
148 427 1422 479 eines Parteiſchriftſtellers, da er mit Wiſſen und Willen eine falſche Anklage und Ver⸗
150 471 1145 525 leumdung durch rabuliſtiſche Scheingründe zu ſtützen ſich bemühte.
219 506 1429 568 Aber wie es ſo geht, mentita est iniquitas sibi. Nachdem der Verfaſſer mit
148 558 1426 614 großer Mühe durch unrichtige Ueberſetzungen und noch unrichtigere Deutungen ſein
150 603 1426 657 Gebäude aufgerichtet hat, muß er es ſelbſt mit eigener Hand zertrümmern. Auf
150 647 1429 698 S. 35 kömmt er zu dem erſehnten Schluß, daß das Denken und Wollen aller Mit⸗
153 696 1429 750 glieder der Geſellſchaft Jeſu „in dem Denken und Wollen des Generals eingeſchloſſen
155 733 1426 793 und begraben ſei“, daß „die einzelnen Jeſuiten nur Canäle ſeien, welche in reiner
155 783 1426 837 Paſſivität die Intentionen des Generals in ſich aufzunehmen haben und dann, ohne
153 824 1429 880 über deren Nützlichkeit und ſittliche Erlaubtheit irgendwie nachzudenken, alle ihre
155 874 1429 930 Kräfte zur Ausführung derſelben in Bewegung zu ſetzen.“ Aber ſiehe da! nur vier
157 909 1426 965 Seiten weiter (S. 39) macht er die Entdeckung, „daß innerhalb der Jeſuiten⸗Societät zwei
150 955 1431 1019 verſchiedene Richtungen vorhanden ſeien“, daß „die italieniſchen und deutſchen Jeſuiten
159 1004 1431 1056 mit der Civiltà cattolica nnd den Stimmen aus M.⸗Laach die eigentliche Garde des
157 1044 1433 1106 Syllabus bilden, während die belgiſchen und franzöſiſchen mit den in Paris erſcheinenden
159 1085 1433 1145 Études religieuses eine gemäßigtere Richtung vertreten“; ja ſogar, daß „der General
155 1132 1431 1192 des Ordens, ein kluger und welterfahrener Mann, zu manchen Dingen den Kopf
159 1178 1431 1234 geſchüttelt habe, die er in ſeinem Kloſter einfädeln ſah, ohne ſie verhindern zu können,
161 1226 1431 1275 weil lahm gelegt durch eine höhere Macht.“ Es entſteht jetzt offenbar die Frage, ob
159 1267 1433 1319 das Denken und Wollen der deutſchen und italieniſchen, oder aber das der franzöſiſchen
159 1302 1431 1370 und belgiſchen Jeſuiten „im Denken und Wollen des Generals eingeſchloſſen“ ſei,
159 1352 1435 1407 oder ob gar der General beide entgegengeſetzte Richtungen in ſich vereinige? Ferner
159 1399 1431 1457 welches wohl „die höhere Macht“ ſein mag, die den General „lahm legt“? Seine
161 1436 1433 1496 Untergebenen, mit Einſchluß von P. Piccirillo, können es nicht ſein, denn ſie ſind ja
163 1480 1435 1544 ſeine rein paſſiven Inſtrumente (S. 35); der Papſt kann es nicht ſein, denn dieſer
159 1529 1435 1594 ſteht ganz unter der Botmäßigkeit des Generals (S. 37); ebenſowenig die „römiſche
163 1577 1435 1633 Curie“, oder „die neuliche vaticaniſche Biſchofsverſammlung“, da ſie ja auch nur
161 1622 1435 1674 Werkzeuge der Jeſuiten (S. 38), alſo Werkzeuge der Werkzeuge des Generals ſind.
161 1670 1435 1728 Kurz, wie bringt Dr. Weber dieſe, nach ſeiner eigenen Behauptung „ſachkundige
157 1705 1433 1765 Enthüllung Heinr. v. Sybel's“ über die entgegengeſetzten Richtungen in der Geſell⸗
165 1751 1437 1809 ſchaft Jeſu und über die Machtloſigkeit des Jeſuitengenerals in Einklang mit dem
163 1796 1435 1856 von ihm urkundlich dargeſtellten Gehorſam der Jeſuiten? Auf die Löſung dieſes
163 1842 775 1918 Räthſels dürfte ein Preis geſetzt werden.
1002 1881 1366 1962 Rudolf Cornely, S. J.
