1520 2481
676 113 732 179 81
68 212 1342 272 den Druck hervorgehoben, ſo daß er ſie vorzüglich beweiſen will. Wie beweist er ſie?
70 250 1340 314 Nun wiederum ſehr einfach; er citirt die Hauptſtelle, in welcher beim Heiligen von der
68 293 1342 361 Unterwerfung des eigenen Urtheiles die Rede iſt, und in welcher (ſie nimmt keine ganze
70 339 1342 409 Duodezſeite ein) dreimal die Einſchränkung auf zweifelhafte Fälle, in denen der Verſtand
70 388 1342 450 vom Willen beeinflußt werden kann, hervorgehoben wird; — ſagt dann: „dieſe Einſchrän⸗
70 425 1342 494 kung hat keine thatſächliche Bedeutung“ (S. 21), und ſonnenklar iſt bewieſen, daß der
72 471 1346 535 Brief über den Gehorſam allenthalben die Unterwerfung des Urtheils ohne Ein⸗
72 516 1346 583 ſchränkung predige! Er darf jetzt über „die Entwürdigung, ja Vernichtung der
70 560 1344 622 Intelligenz“ jammern und die Jeſuiten beſchuldigen, daß ſie ſo „jede Verantwortlich⸗
72 603 1346 667 keit des eigenen Handelns ablehnten“ (S. 21.). Ob Dr. Weber auch wohl „jede Ver⸗
74 647 1338 717 antwortlichkeit abgelehnt hat“, als er ſich entſchloß, durch ſolche Deutungen das „Nein“
76 692 1346 762 in „Ja“ und das „Ja“ in „Nein“ zu verkehren? Glücklicher Weiſe hat er, obgleich
76 746 1348 798 er Privatdocent der Philoſophie iſt, keinen wiſſenſchaftlichen Ruf als Philoſoph zu
76 783 1346 853 verlieren, ſonſt würde er ihn durch ſeine „urkundliche Darſtellung“ vollſtändig ver⸗
76 829 1348 893 nichten. — Doch gehen wir weiter. Der hl. Ignatius vergleicht die Ordnung, welche
78 870 1348 938 in einem Orden herrſchen ſoll, mit der Ordnung unter den verſchiedenen Himmels⸗
80 913 1348 973 körpern, deren einer auf den andern wirkt und deſſen Bahn beſtimmt. Da nun die
80 957 1348 1019 Himmelskörper naturnothwendig und ohne eigenes Urtheil handeln, ſo folgert ſelbſt⸗
84 1002 1348 1070 verſtändlich der Verfaſſer, daß alſo auch der Gehorſam der Jeſuiten ein nothwendiger,
82 1044 1350 1114 abſoluter und vollſtändig blinder ſei. (S. 22.) Wenn ſich der Herr Religionslehrer
82 1093 1348 1159 nächſtens einmal zu den Parabeln und Gleichniſſen des Herrn verirrt, wird er auf
84 1137 1352 1203 die nämliche Weiſe ſeinen Schülern beweiſen, daß alle Chriſten vernunftloſe Thiere
84 1180 1352 1248 find, weil Chriſtus ſie mit Schafen verglichen, ja ſogar den hl. Petrus geheißen
86 1228 1352 1281 hat, ſeine Schafe zu weiden! — Auf S. 30 lernen wir ſogar, daß für die Jeſuiten
86 1269 1358 1335 der Wille des Obern der unmittelbare Wille Gottes iſt, daß der Obere direct
88 1310 1356 1370 und unmittelbar an die Stelle Gottes tritt, alſo gleichſam ein neuer Gott iſt.
88 1356 1356 1420 Allerdings wird hier wenigſtens eingeſtanden, daß das Wörtchen „unmittelbar“ in
84 1401 1350 1469 den Text vom Verfaſſer eingeſchoben wurde, ſich beim hl. Ignatius aber nicht finde,
86 1449 1356 1513 Jedoch Dr. Weber findet es nothwendig gefordert durch den Zuſammenhang, alſo
88 1490 1354 1556 durſte er es einſchalten. Iſt es wirklich nothwendig? Wenn der Untergebene Alles,
88 1532 1356 1602 was der Obere befiehlt, für den unmittelbaren Willen Gottes halten ſoll, ſo muß
90 1577 1356 1645 er zum wenigſten annehmen können, daß der Obere unfehlbar ſei und nichts Sünd⸗
90 1620 1356 1680 haftes vorſchreiben könne. Der hl. Ignatius iſt aber ſo weit von der unſinnigen
95 1664 1356 1724 Forderung, jeden Obern für unfehlbar zu halten, entfernt, daß er gerade an der von
93 1707 1358 1775 Dr. Weber auf S. 30 behandelten Stelle hinzufügt, ſein Rath, in der Stimme des
93 1751 1360 1823 Obern die Stimme Gottes zu erkennen, gelte bloß für jene Fälle, in welchen nichts
95 1798 1362 1869 Sündhaftes befohlen werde. Es hat alſo dem Verfaſſer wieder gefallen, dem heiligen
93 1844 1364 1908 Ignatius Unſinn in den Mund zu legen, damit er das Vergnügen habe, gegen dieſen
97 1889 1364 1955 von ihm ſelbſt erfundenen Unſinn polemiſiren zu können. Wir wollen dem Herrn
103 1931 1356 2003 Dr. Weber nicht das Vergnügen ſtreitig machen, Unſinn zu erfinden, müſſen ihn aber
97 1976 1362 2046 bitten, denſelben nicht Andern aufzubürden, ſondern auf eigene Rechnung zu über⸗
93 2007 215 2071 nehmen.
165 2063 1366 2121 Kommen wir zum Schluſſe. Jeder Leſer, der dieſer zwar langen, aber nichts
101 2108 1364 2177 weniger als vollſtändigen Aufzählung von Mißgriffen gefolgt iſt, wird zugeſtehen, daß
97 2150 1364 2224 Herr Dr. Weber 1) die Quellen, welche nothwendig waren, um eine urkundliche Dar⸗
99 2195 1354 2265 ſtellung „der inneren Einrichtung“ der Geſellſchaft Jeſu zu liefern, nicht benützt
103 2239 1366 2313 2) die benutzten Quellen durch unrichtige Ueberſetzungen verſtümmelt, 3) den Sinn
103 2280 1371 2356 der verſtümmelten Ueberſetzungen durch willkürliche, den klaren Wortſinn verdrehende
107 2323 1360 2410 Deutung gefälſcht hat. Der Leſer iſt alſo im Stande, ſelbſt zu beurtheilen, ob Herr
138 2359 374 2445 Stimmen. II. 1.
1120 2383 1151 2437 6
