1520 2481
680 93 742 155 51
72 186 1350 256 wahren Glauben zurückzuführen und die dreihundertjährige Spaltung,
68 239 1350 308 welche die deutſche Nation bis in's tiefſte Mark des geiſtigen Lebens
72 301 1350 361 zerklüftet, und die beiden Theile im religiöſen Gebiete als Gegner ein⸗
74 351 1350 419 ander gegenüberſtellt, zu beſeitigen? Oder wird, was im ſechszehnten
70 413 1350 481 Jahrhundert noch katholiſch blieb, im neunzehnten allmählich in's Lager
70 465 1352 531 des Proteſtantismus oder vielmehr des Unglaubens hinübergeführt wer⸗
74 525 1352 593 den, um Wahrheit und Religion und Vereinigung mit der von Chriſtus
72 578 1352 653 geſtifteten Kirche auf dem Altar des Nationalliberalismus zum Opfer
76 649 301 700 zu bringen?
163 688 1354 760 Wir wiſſen es nicht. — Allerdings wird die katholiſche Kirche mit dem
78 752 1354 816 Papſte an der Spitze beſtehen bis zum Ende der Zeiten; allerdings werden
76 804 1352 878 die Pforten der Hölle den Felſen Petri nimmer zum Wanken bringen;
76 866 1350 936 aber die einzelnen Zweige dieſes gewaltigen Baumes haben für ihr Fortbe⸗
80 922 1352 990 ſtehen keine Verheißungen Chriſti. Der Norden Afrika's zählte einſt faſt
80 977 1354 1044 ebenſoviele Bisthümer, als jetzt der ganze katholiſche Erdkreis; Klein⸗
72 1035 1352 1108 aſien, die Türkei und Griechenland waren katholiſche Länder, und Schwe⸗
76 1089 1352 1168 den, Dänemark, England waren ehedem Glieder der von Chriſtus ge⸗
76 1145 1358 1223 ſtifteten Religionsgeſellſchaft. So hat auch Weſtphalen, Rheinland und
76 1205 1356 1277 Bayern keine Verheißung, daß nicht in ſeinen Domen einſt das ewige
80 1261 1360 1335 Licht erlöſche, wie es ſeit Jahrhunderten erloſchen iſt in den Domen von
78 1312 1354 1393 Bremen, Verden und Magdeburg. — Heißt es aber nicht allzu ſchwarz
82 1372 1354 1451 in die Zukunft ſehen, wenn man heutzutage das Fortbeſtehen der katho⸗
78 1428 1356 1509 liſchen Kirche in Deutſchland in Frage zieht? Jetzt, wo ſeit den Tagen
80 1498 1356 1565 eines Clemens Auguſt ein neuer Geiſt über Deutſchland dahinweht,
82 1548 1358 1612 wo eine ſo warme Begeiſterung für das Oberhaupt der Kirche, ein ſo
82 1602 1358 1678 reges katholiſches Leben ſich überall zeigt? Wir antworten hierauf mit
80 1658 599 1732 einer doppelten Behauptung:
161 1718 1358 1784 Wenn einige Generationen hindurch die ganze Jugend
86 1771 1360 1848 in den Schulen eine unkirchliche Erziehung erhielte, ſo
84 1831 1364 1906 wäre es mit dem Katholicismus zu Ende; wenn der Staat
88 1889 1360 1964 als unumſchränkter Herr der Jugenderziehung gilt, ſo
86 1945 1362 2022 wäre es durchaus nicht unmöglich, daß eine kirchenfeind⸗
88 1999 1362 2075 liche Partei, welche etwa an's Ruder käme, derart über
90 2057 1364 2137 die Erziehung verfügte, daß die ganze Jugend gezwungen
90 2115 1364 2193 wäre, in den Schulen eine mehr oder weniger unkirchliche
88 2164 756 2247 Richtung in ſich aufzunehmen.
169 2224 1360 2309 Dieſe Behauptungen, ſo ſcheint mir, ſind in ſich ſelbſt evident
86 2288 1362 2375 genug, um keines weiteren Beweiſes zu bedürfen. In dieſen zwei
1108 2338 1151 2410 4*
