1520 2481
825 66 891 140 24
221 165 1497 239 vorgekommen, daß in Augenblicken vorübergehender und heftiger Span⸗
221 221 1497 291 nung zwiſchen Staat und Kirche Fürſten die Ausführung biſchöflicher
219 277 1497 345 oder päpſtlicher Verordnungen, insbeſondere päpſtlicher Cenſuren, zu
223 332 1499 399 verhindern geſucht, und um dieß thun zu können, wohl auch die Ein⸗
225 386 1499 463 führung und Verkündigung derſelben ohne ihr Wiſſen und Willen ver⸗
221 452 1499 521 boten haben. Allein dieſe vereinzelten Maßnahmen begründeten noch
225 510 1499 574 kein Herkommen, wie ſie denn auch nur Eingebungen einer augenblick⸗
225 560 680 626 lichen Leidenſchaft waren.
312 614 1503 684 Ebenſo wenig, ſcheint es uns, läßt ſich die allmähliche Entwickelung
223 674 1501 738 des Placet von einer Erlaubniß Urban's VI. herleiten, welcher wäh⸗
223 729 1503 804 rend des Schisma den Biſchöfen geſtattet hatte, die Echtheit der päpſt⸗
225 787 1503 855 lichen Erlaſſe zu prüfen. Eine ſolche Erlaubniß, geſchweige davon, daß
227 843 1505 920 ſie bald darauf von Bonifaz IX. und Martin V. zurückgenommen
225 911 1503 971 wurde, hat mit dem Placet ebenſo wenig zu ſchaffen, wie die gegenwärtig
227 957 1505 1035 noch geltende Beſtimmung, daß päpſtliche Ablaßbreven vor ihrer Ver⸗
231 1021 1505 1083 kündigung den Ordinarien müſſen vorgelegt werden. Hiermit wollen
229 1070 1507 1139 wir nicht läugnen, daß das Schisma den Boden für die Aufnahme
231 1124 1505 1195 des Placet vorbereitet habe; gab es doch den Königen willkommenen
233 1184 1505 1250 Anlaß, der päpſtlichen Auctorität gegenüber ſich immer mehr heraus⸗
231 1238 1505 1316 zunehmen. Der unheilvolle Same jedoch, woraus ſich das der Kirche
227 1296 1505 1370 ſo verderbliche Gewächs bis zu ſo unglaublicher Größe entwickelt hat,
229 1356 1503 1420 war die pragmatiſche Sanction von Bourges vom Jahre 1438.
231 1412 1505 1484 Durch dieſelbe hatten die franzöſiſchen Legiſten nach mehreren vergeb⸗
233 1469 1505 1538 lichen Verſuchen endlich der franzöſiſchen Kirche ein dem beſtehenden
233 1527 1505 1600 canoniſchen Recht, ja ſelbſt dem Baſeler Concil, das man doch anzu⸗
233 1585 1505 1649 nehmen vorgab, widerſtreitendes Geſetz aufgenöthigt, dieſelbe dadurch in
229 1643 1511 1707 einen gewiſſermaßen permanenten Zuſtand der Spannung mit dem hei⸗
229 1699 1513 1765 ligen Stuhl gebracht, den Parlamenten aber das Recht zugeſprochen,
231 1761 1511 1829 die Erhaltung dieſes gewaltſamen Zuſtandes gegen etwaige Verſuche
231 1806 1511 1887 der kirchlichen Auctorität zu ſchützen. Das legte ihnen nun die Noth⸗
231 1871 1513 1937 wendigkeit auf, die ganze Wirkſamkeit des apoſtoliſchen Stuhles in Bezug
235 1924 1505 1995 auf Frankreich zu überwachen, damit ſie die Ausführung aller ſeiner der
235 1980 1513 2057 pragmatiſchen Sanction zuwiderlaufenden Erlaſſe abwehren könnten.
235 2044 1515 2117 So wurde, was früher nur vorübergehend verſucht worden, jetzt zu
237 2096 1505 2162 einer ſtehenden Praxis. Es bedurfte dazu nicht einmal königlicher Ver⸗
239 2158 1505 2222 ordnungen; die Parlamente waren ohnehin geneigt genug, um das zur
241 2218 1507 2278 Aufrechthaltung ihrer theueren Sanction nothwendige Mittel anzuwen⸗
233 2270 1515 2354 den. Doch fehlte es auch nicht an Ordonnanzen der Könige. Grund⸗
