1520 2481
769 66 833 136 32
254 157 1439 221 Die Liberalen führen immer das Wort Freiheit im Munde.
165 225 1441 291 Wie weit nun aber das Placet die Freiheit einzwängt, darüber belehren
165 277 1420 341 folgende Worte eines hervorragenden Schriftſtellers aus ihrer Mitte:
246 337 1441 399 „Vergebens,“ ſagt v. Rotteck, „wird die Kirche, wenn einmal das Princip der
165 386 1439 448 präventiven Maßregeln, anſtatt repreſſiven, auch in dieſe kirchliche Sphäre eingeführt
163 432 1441 483 iſt, auf die Ausnahme wenigſtens der in reinen Glaubens⸗ und Gewiſſensſachen zu
161 477 1441 529 erlaſſenden Mandate dringen. Die Staatsgewalt wird darin immer noch etwas Welt⸗
165 518 1441 576 liches, oder mit äußeren Rechten in Verbindung Stehendes, oder doch mittelbar auf
167 564 1441 618 das Staatswohl Influirendes auffinden, und ihre Behörden werden natürlich zu ihren
165 611 1443 665 Gunſten entſcheiden. In der Conſequenz des Princips liegt ohnehin, daß ſelbſt die
169 651 1445 713 Predigten jedes Pfarrers dem vorläufigen Placet, d. h. der Cenſur, unterworfen
167 694 1443 756 werden¹; und nach einmal anerkanntem Princip würde man gegen Letzteres ſich um⸗
169 742 1443 800 ſonſt verwahren. So kann alſo, wenn die Regierung es will, jeder Zuſammenhang
165 783 1443 843 der gläubigen Gemeinde mit ihren Hirten zerriſſen, und dieſem letzteren unmöglich
167 833 1445 889 gemacht werden, dem Umſichgreifen irgend einer etwa liſtig verbreiteten oder von oben
169 870 1445 932 begünſtigten Irrlehre Einhalt zu thun. . . . Dieſes wäre ein ſchreiender Mißbrauch
165 917 479 984 der Staatsgewalt.“²
254 965 1447 1035 Eine ſolche Überwachung und Maßregelung aller Acte der kirch⸗
165 1029 1447 1097 lichen Auctorität ſpricht nicht nur Hohn der von den Liberalen ſo ge⸗
169 1081 1449 1155 prieſenen Freiheit, ſondern widerſtreitet auch ſchnurſtracks ihrem in neueſter
171 1135 1449 1205 Zeit ausgeſprochenen Principe der Trennung von Kirche und
171 1190 1451 1257 Staat. Denn ſelbſtverſtändlich läßt ſie ſich gar nicht durchführen ohne
169 1252 1145 1316 ein innigſtes Umſchlungenſein der Kirche vom Staate.
260 1304 1451 1372 Wir befürworten nun freilich nicht jene Trennung, wollen viel⸗
167 1364 1451 1434 mehr eine enge Freundſchaft zwiſchen Staat und Kirche. Aber
171 1422 1449 1486 dieſes Verhältniß iſt unmöglich ohne gegenſeitiges Vertrauen, und
171 1486 1453 1550 das Placet kennzeichnet ſich, wie es aus der Feindſchaft mit der
173 1534 1451 1608 römiſchen Kirche geboren wurde, als ein Act fortgeſetzten Miß⸗
169 1591 1453 1656 trauens. Es iſt, um mich der Worte eines hochliberalen Organs zu
167 1649 1453 1724 bedienen, „im Grunde mehr Chicane als Maxime, d. i. mehr ärmliche
173 1703 1453 1782 Plagerei als Grundſatz, iſt mehr geeignet den Kriegszuſtand zu
173 1775 1451 1835 verewigen, als einen geſunden Frieden zwiſchen den zwei großen In⸗
169 1819 1455 1887 tereſſen der Geſellſchaft zu gründen. Wir mögen daher der Kirche die
167 1879 1453 1945 Freiheit gönnen, ſo frei und offen mit dem Volke zu reden, als es der
171 1941 434 2009 Staat thut³.“
264 1988 1457 2055 Aber noch mehr. Der liberale Fortſchritt betont immerfort die
173 2046 1457 2127 Beſeitigung polizeilicher Präventivmaßregeln. Zu dieſen
250 2185 1137 2234 ¹ In Rußland iſt bekanntlich dieſe Conſequenz oft gezogen.
254 2226 1424 2280 ² Encyklopädie der Staatsrechtswiſſenſchaft von Rotteck und Welcker. IX. 299.
258 2268 1433 2354 ³ Neue Zürcher Zeitung, J. 1855. S. 94, im Archiv für K.⸗R. XVIII. 249.
