<?xml version="1.0" encoding="UTF-8"  standalone="yes"?>
<PcGts xmlns="http://schema.primaresearch.org/PAGE/gts/pagecontent/2019-07-15" xmlns:xsi="http://www.w3.org/2001/XMLSchema-instance" xsi:schemaLocation="http://schema.primaresearch.org/PAGE/gts/pagecontent/2019-07-15 http://schema.primaresearch.org/PAGE/gts/pagecontent/2019-07-15/pagecontent.xsd">
  <Metadata externalRef="https://opendigi.ub.uni-tuebingen.de/opendigi/image/stml_1872_02/stml_1872_02_00042.jp2/full/full/0/default.jpg">
	<Creator>escriptorium</Creator>
	<Created>2022-02-23T19:09:10.699491+00:00</Created>
        <LastChange>2022-02-23T19:09:10.699506+00:00</LastChange>
  </Metadata>
  <Page imageFilename="stml_1872_02_00042.jpg" imageWidth="1520" imageHeight="2481">
    <TextRegion id="eSc_textblock_44d48598"  >
      <Coords points="866,138 802,146 810,90 866,99 866,138"/>
      <TextLine id="eSc_line_b6b36ac2" >
        <Coords points="800,134 800,84 860,90 860,134 860,148 800,152"/>
        <Baseline points="800,134 860,134"/>
        <TextEquiv>
          <Unicode>36</Unicode>
        </TextEquiv>
      </TextLine>
    </TextRegion>
    <TextRegion id="eSc_textblock_e78e35cf"  >
      <Coords points="1478,303 1271,314 1470,322 1453,361 1478,372 1478,2346 215,2354 190,206 1125,190 1478,206 1478,303"/>
      <TextLine id="eSc_line_ebd212e8" >
        <Coords points="194,231 192,192 769,181 771,181 771,181 773,181 773,181 789,188 804,192 827,188 852,181 852,181 852,181 854,181 854,181 897,186 963,194 982,186 992,181 992,181 994,181 994,181 994,181 996,181 996,181 1021,186 1065,194 1077,186 1081,181 1081,181 1083,181 1083,181 1083,181 1085,181 1085,181 1087,181 1207,181 1207,181 1207,181 1224,184 1265,194 1278,184 1280,181 1280,181 1282,181 1282,181 1282,181 1284,181 1284,181 1286,181 1470,184 1472,235 1468,246 192,239"/>
        <Baseline points="194,231 1472,235"/>
        <TextEquiv>
          <Unicode>nungen gezogen. Wie ſollte dieß nicht zutreffen mit Italien, dem Lande,</Unicode>
        </TextEquiv>
      </TextLine>
      <TextLine id="eSc_line_4155b978" >
        <Coords points="192,291 192,239 1472,239 1472,291 1472,303 192,303"/>
        <Baseline points="192,291 1472,291"/>
        <TextEquiv>
          <Unicode>deſſen Regierung mit Vorzug ſchwach und beim beſten Theile des Volkes</Unicode>
        </TextEquiv>
      </TextLine>
      <TextLine id="eSc_line_4c4a7033" >
        <Coords points="194,347 190,305 411,301 417,343 415,359 192,355"/>
        <Baseline points="194,347 417,343"/>
        <TextEquiv>
          <Unicode>verhaßt iſt?</Unicode>
        </TextEquiv>
      </TextLine>
      <TextLine id="eSc_line_64ccc247" >
        <Coords points="279,403 275,357 1244,345 1247,345 1460,355 1464,396 1462,411 279,421"/>
        <Baseline points="279,403 1464,396"/>
        <TextEquiv>
          <Unicode>Seitdem ſich Piemont zur Ausführung des Programms des Car⸗</Unicode>
        </TextEquiv>
      </TextLine>
      <TextLine id="eSc_line_6c166e75" >
        <Coords points="190,461 190,409 1466,413 1466,461 1464,473 188,471"/>
        <Baseline points="190,461 1466,461"/>
        <TextEquiv>
          <Unicode>bonarismus hergegeben hat, arbeitet es unbewußt, aber im großartigen</Unicode>
        </TextEquiv>
      </TextLine>
      <TextLine id="eSc_line_6a0ffa5f" >
        <Coords points="194,518 192,471 1464,471 1468,514 1466,525 194,527"/>
        <Baseline points="194,518 1468,514"/>
        <TextEquiv>
          <Unicode>Maßſtabe, der Internationale vor. Auf der ultraliberalen Nationali⸗</Unicode>
        </TextEquiv>
      </TextLine>
      <TextLine id="eSc_line_19601867" >
        <Coords points="192,574 184,535 204,521 206,521 206,521 206,521 208,521 208,521 208,521 210,521 210,521 306,531 392,521 392,521 394,521 394,521 394,521 397,521 397,521 397,521 417,531 444,521 444,521 446,521 446,521 448,521 448,521 448,521 450,521 450,521 450,521 452,521 467,531 469,531 473,531 678,521 680,521 680,521 682,521 713,529 725,531 734,529 750,521 750,521 752,521 752,521 752,521 754,521 754,521 798,527 823,531 829,527 837,518 837,518 837,518 839,518 839,518 841,518 841,518 841,518 843,518 843,518 899,525 928,529 949,525 980,518 980,518 980,518 982,518 982,518 984,518 1007,525 1027,529 1127,523 1191,518 1193,518 1247,521 1406,529 1462,518 1468,570 1466,587 192,587"/>
        <Baseline points="192,574 1468,570"/>
        <TextEquiv>
          <Unicode>tätsidee aufgebaut, hat es die ſämmtlichen Folgen derſelben, Militaris⸗</Unicode>
        </TextEquiv>
      </TextLine>
      <TextLine id="eSc_line_f5457470" >
        <Coords points="194,632 190,591 328,578 330,578 667,585 827,587 854,583 887,576 887,576 889,576 1466,576 1470,628 1468,645 194,645"/>
        <Baseline points="194,632 1470,628"/>
        <TextEquiv>
          <Unicode>mus, Zertretung berechtigter Stammeseigenthümlichkeiten und geſchicht⸗</Unicode>
        </TextEquiv>
      </TextLine>
      <TextLine id="eSc_line_c510d20b" >
        <Coords points="194,690 192,640 295,649 306,640 310,636 310,636 312,636 312,636 312,636 314,636 314,636 316,636 388,636 388,636 388,636 390,636 390,636 392,636 399,640 415,651 479,651 494,640 500,636 502,636 502,636 502,636 504,636 504,636 506,636 506,636 506,636 508,636 508,636 508,636 510,636 510,636 510,638 514,640 523,651 574,651 599,640 622,634 624,634 624,634 626,634 821,634 821,634 821,634 823,634 823,634 823,634 825,634 837,642 843,647 872,642 920,636 920,636 922,636 922,636 922,636 924,636 924,636 924,636 926,636 926,636 926,638 932,642 936,647 955,642 992,636 992,636 992,636 994,636 994,636 996,636 1025,642 1040,647 1044,645 1056,632 1056,632 1058,632 1058,632 1058,632 1060,632 1060,632 1062,632 1062,632 1062,632 1065,632 1098,645 1102,645 1116,645 1238,632 1238,632 1240,632 1240,632 1242,632 1242,632 1242,632 1244,632 1261,645 1261,645 1263,645 1313,634 1313,634 1313,634 1315,634 1315,634 1317,634 1317,634 1317,634 1319,634 1319,634 1331,645 1342,634 1342,634 1344,634 1344,634 1346,634 1346,634 1346,634 1348,634 1348,634 1348,634 1350,634 1350,634 1352,634 1352,634 1366,645 1366,647 1468,647 1472,684 1470,694 194,702"/>
        <Baseline points="194,690 1472,684"/>
        <TextEquiv>
          <Unicode>licher Rechte, geſpanntes Verhältniß zu den Nachbarmächten, ſtrammſte</Unicode>
        </TextEquiv>
      </TextLine>
      <TextLine id="eSc_line_31aeb420" >
        <Coords points="194,744 186,707 200,694 200,694 202,694 202,694 202,694 204,694 204,694 206,694 808,702 831,692 831,692 831,692 833,692 833,692 835,692 1464,702 1468,740 1466,752 194,756"/>
        <Baseline points="194,744 1468,740"/>
        <TextEquiv>
          <Unicode>Centraliſation mit einem koſtſpieligen Beamtenheer, eine ertödtende Steuer⸗</Unicode>
        </TextEquiv>
      </TextLine>
      <TextLine id="eSc_line_fe5cc256" >
        <Coords points="194,802 192,760 254,746 254,746 254,746 256,746 256,746 324,760 465,760 517,746 519,746 519,746 521,746 521,746 521,746 523,746 566,758 667,746 667,746 670,746 670,746 767,758 796,746 796,746 798,746 798,746 798,746 800,746 800,746 802,746 802,746 802,746 827,758 887,746 887,746 887,746 889,746 889,746 889,746 891,746 930,758 998,748 998,748 1000,748 1000,748 1000,748 1002,748 1002,748 1029,758 1060,746 1060,746 1062,746 1062,746 1062,746 1065,746 1472,760 1472,802 1470,818 192,810"/>
        <Baseline points="194,802 1472,802"/>
        <TextEquiv>
          <Unicode>und Schuldenlaſt, in ſolchen Fluthen über die blühende Halbinſel aus⸗</Unicode>
        </TextEquiv>
      </TextLine>
      <TextLine id="eSc_line_e9f4b3d3" >
        <Coords points="196,862 188,820 237,806 239,806 239,806 241,806 241,806 353,818 353,818 353,818 397,806 399,806 399,806 399,806 401,806 686,816 719,804 719,804 721,804 721,804 721,804 723,804 982,816 988,816 990,816 1044,802 1046,802 1046,802 1048,802 1048,802 1048,802 1050,802 1098,816 1466,816 1474,855 1472,874 196,878"/>
        <Baseline points="196,862 1474,855"/>
        <TextEquiv>
          <Unicode>geſchüttet, daß die einſt ſo glühende Vaterlandsliebe des phantaſiereichen</Unicode>
        </TextEquiv>
      </TextLine>
      <TextLine id="eSc_line_3f53f9a7" >
        <Coords points="196,917 188,878 213,866 213,866 213,866 215,866 215,866 217,866 434,876 450,876 454,876 508,866 508,866 508,866 510,866 647,874 651,874 651,874 678,864 678,864 680,864 680,864 680,864 682,864 682,864 742,874 748,876 1036,876 1040,872 1050,862 1050,862 1052,862 1052,862 1052,862 1054,862 1054,862 1054,862 1056,862 1056,862 1058,862 1058,862 1058,862 1079,872 1081,872 1085,872 1133,862 1133,862 1133,862 1135,862 1135,862 1137,862 1137,862 1137,862 1156,872 1158,872 1170,872 1242,862 1242,862 1244,862 1468,870 1472,911 1470,922 196,928"/>
        <Baseline points="196,917 1472,911"/>
        <TextEquiv>
          <Unicode>Südländers gründlich ernüchtert und nur noch als Ergebniß eigen⸗</Unicode>
        </TextEquiv>
      </TextLine>
      <TextLine id="eSc_line_13212a36" >
        <Coords points="196,975 188,934 233,922 235,922 235,922 237,922 436,922 436,922 436,922 438,922 438,922 438,922 461,932 461,932 461,932 496,922 498,922 498,922 498,922 500,922 711,930 742,920 742,920 744,920 744,920 746,920 1178,928 1197,917 1199,917 1199,917 1201,917 1201,917 1201,917 1203,917 1466,930 1474,969 1472,977 196,984"/>
        <Baseline points="196,975 1474,969"/>
        <TextEquiv>
          <Unicode>nütziger Berechnung bei der übelberufenen Regierungspartei, der con⸗</Unicode>
        </TextEquiv>
      </TextLine>
      <TextLine id="eSc_line_8164a040" >
        <Coords points="194,1033 190,992 326,982 328,982 328,982 328,982 330,982 366,992 380,994 392,992 430,982 432,982 432,982 434,982 434,982 434,982 436,982 463,992 471,994 479,992 502,982 502,982 504,982 504,982 506,982 506,982 506,982 508,982 508,982 531,992 539,994 558,992 616,979 616,979 618,979 618,979 732,990 754,979 754,979 754,979 756,979 756,979 758,979 758,979 758,979 761,979 761,979 761,979 763,979 763,979 775,992 775,992 912,992 914,992 928,979 928,979 930,979 930,979 930,979 932,979 932,979 934,979 986,979 986,979 986,979 988,979 1029,992 1034,992 1036,992 1052,977 1052,977 1054,977 1054,977 1056,977 1056,977 1056,977 1058,977 1058,977 1060,977 1060,977 1098,990 1201,977 1201,977 1203,977 1203,977 1205,977 1205,977 1205,977 1207,977 1228,992 1340,992 1354,977 1354,977 1356,977 1356,977 1356,977 1358,977 1358,977 1358,977 1360,977 1360,977 1362,977 1362,977 1362,977 1389,992 1468,992 1474,1027 1474,1035 1439,1048 1437,1048 1437,1048 1437,1048 1435,1048 1435,1048 1433,1048 1393,1037 934,1050 932,1050 932,1050 930,1050 930,1050 930,1050 928,1050 914,1039 876,1050 874,1050 874,1050 872,1050 872,1050 796,1039 792,1039 787,1039 750,1050 748,1050 748,1050 746,1050 192,1042"/>
        <Baseline points="194,1033 1474,1027"/>
        <TextEquiv>
          <Unicode>sorteria, und als Treibhauspflanze zu finden iſt. Hätte man in den</Unicode>
        </TextEquiv>
      </TextLine>
      <TextLine id="eSc_line_aac574ac" >
        <Coords points="196,1089 186,1054 196,1042 198,1042 198,1039 198,1039 200,1039 200,1039 200,1039 202,1039 202,1039 204,1039 1468,1048 1474,1085 1472,1104 196,1104"/>
        <Baseline points="196,1089 1474,1085"/>
        <TextEquiv>
          <Unicode>dreißiger Jahren den internationalen Spruch: „Keine Grenzpfähle, kein</Unicode>
        </TextEquiv>
      </TextLine>
      <TextLine id="eSc_line_0c118a12" >
        <Coords points="198,1143 194,1097 1464,1095 1470,1139 1468,1147 198,1151"/>
        <Baseline points="198,1143 1470,1139"/>
        <TextEquiv>
          <Unicode>Vaterland mehr!“ gewagt, ſo wäre nicht weniger der verſchworene Car⸗</Unicode>
        </TextEquiv>
      </TextLine>
      <TextLine id="eSc_line_591cc6c6" >
        <Coords points="196,1201 196,1155 289,1155 293,1153 314,1143 314,1143 314,1143 316,1143 316,1143 318,1143 519,1143 519,1143 519,1143 521,1143 548,1151 562,1155 570,1151 581,1143 583,1143 583,1143 583,1143 585,1143 585,1143 585,1143 587,1143 587,1143 589,1143 589,1143 610,1151 622,1155 636,1149 653,1143 653,1143 655,1143 655,1143 657,1143 771,1143 771,1143 771,1143 773,1143 794,1149 812,1153 821,1149 827,1143 829,1143 829,1143 829,1143 831,1143 831,1143 833,1143 833,1143 833,1143 835,1143 835,1143 847,1149 866,1157 986,1157 1034,1147 1054,1143 1054,1143 1054,1143 1056,1143 1056,1143 1058,1143 1058,1143 1058,1143 1060,1143 1065,1147 1079,1155 1100,1145 1106,1143 1106,1143 1108,1143 1108,1143 1108,1143 1110,1143 1110,1143 1112,1143 1112,1143 1112,1143 1118,1145 1137,1155 1184,1145 1197,1143 1197,1143 1197,1143 1199,1143 1199,1143 1201,1143 1201,1143 1201,1143 1205,1145 1228,1157 1418,1157 1472,1143 1476,1201 1476,1211 196,1211"/>
        <Baseline points="196,1201 1476,1201"/>
        <TextEquiv>
          <Unicode>bonario als der loyale Modeneſe davor zurückgeſchaudert. Jetzt kann</Unicode>
        </TextEquiv>
      </TextLine>
      <TextLine id="eSc_line_ca1d0e3b" >
        <Coords points="196,1259 194,1213 595,1207 597,1207 597,1207 636,1215 655,1217 696,1215 798,1207 800,1207 800,1207 868,1215 885,1217 887,1215 895,1209 895,1207 895,1207 897,1207 897,1207 897,1207 899,1207 899,1207 901,1207 1034,1207 1034,1207 1034,1207 1036,1207 1036,1207 1060,1217 1065,1217 1073,1217 1131,1207 1131,1207 1133,1207 1133,1207 1133,1207 1187,1217 1191,1217 1191,1217 1207,1207 1209,1207 1209,1207 1211,1207 1211,1207 1211,1207 1213,1207 1352,1217 1356,1217 1356,1217 1389,1207 1391,1207 1391,1207 1391,1207 1393,1207 1393,1207 1472,1219 1472,1259 1470,1279 194,1269"/>
        <Baseline points="196,1259 1472,1259"/>
        <TextEquiv>
          <Unicode>man ihn ohne Bedenken ausſprechen. Was der Internationale nie ge⸗</Unicode>
        </TextEquiv>
      </TextLine>
      <TextLine id="eSc_line_c6708128" >
        <Coords points="196,1314 196,1269 1474,1273 1474,1314 1474,1323 196,1325"/>
        <Baseline points="196,1314 1474,1314"/>
        <TextEquiv>
          <Unicode>lungen wäre, die begeiſterte, ja mitunter ſo engherzige Liebe des Ita⸗</Unicode>
        </TextEquiv>
      </TextLine>
      <TextLine id="eSc_line_3e89b11b" >
        <Coords points="196,1372 188,1333 206,1319 206,1319 208,1319 208,1319 208,1319 210,1319 210,1319 213,1319 829,1329 860,1316 860,1316 862,1316 862,1316 862,1316 864,1316 864,1316 924,1327 984,1316 984,1316 984,1316 986,1316 986,1316 1056,1327 1362,1316 1364,1316 1364,1316 1366,1316 1366,1316 1366,1316 1369,1316 1369,1316 1369,1319 1379,1329 1466,1329 1474,1368 1472,1376 196,1381"/>
        <Baseline points="196,1372 1474,1368"/>
        <TextEquiv>
          <Unicode>lieners zum auſoniſchen Lande zu tilgen, das wurde von Piemont in</Unicode>
        </TextEquiv>
      </TextLine>
      <TextLine id="eSc_line_47cbd169" >
        <Coords points="196,1430 190,1393 239,1379 241,1379 241,1379 244,1379 244,1379 246,1379 289,1389 304,1376 304,1376 306,1376 306,1376 306,1376 308,1376 308,1376 310,1376 310,1376 310,1376 366,1387 388,1376 388,1376 388,1376 390,1376 390,1376 392,1376 525,1379 525,1379 525,1379 527,1379 527,1379 527,1379 529,1379 541,1387 543,1389 550,1387 576,1379 579,1379 579,1379 579,1379 581,1379 655,1385 694,1389 707,1385 730,1376 730,1376 732,1376 732,1376 734,1376 734,1376 734,1376 777,1383 808,1389 831,1383 854,1376 856,1376 856,1376 856,1376 858,1376 858,1376 860,1376 860,1376 860,1376 872,1383 883,1387 893,1383 905,1376 905,1376 907,1376 907,1376 907,1376 909,1376 961,1381 1005,1385 1013,1381 1019,1374 1019,1374 1021,1374 1021,1374 1023,1374 1023,1374 1023,1374 1025,1374 1025,1374 1027,1374 1027,1374 1027,1374 1029,1374 1038,1381 1050,1389 1114,1389 1122,1379 1127,1376 1127,1374 1127,1374 1129,1374 1129,1374 1129,1374 1131,1374 1131,1374 1131,1374 1133,1374 1207,1376 1406,1387 1466,1374 1472,1426 1470,1445 196,1445"/>
        <Baseline points="196,1430 1472,1426"/>
        <TextEquiv>
          <Unicode>zwei Jahrzehnten fertig gebracht. Der Generalrath in London mag ſich</Unicode>
        </TextEquiv>
      </TextLine>
      <TextLine id="eSc_line_4a9414a8" >
        <Coords points="198,1488 188,1451 200,1436 202,1436 202,1434 202,1434 204,1434 204,1434 206,1434 206,1434 206,1434 208,1434 208,1434 210,1434 210,1434 241,1445 289,1434 289,1434 289,1434 291,1434 291,1434 363,1445 394,1434 394,1434 397,1434 397,1434 399,1434 399,1434 399,1434 401,1434 438,1445 465,1434 465,1434 467,1434 467,1434 469,1434 916,1443 930,1432 930,1432 932,1432 932,1432 934,1432 934,1432 934,1432 936,1432 936,1432 1009,1445 1013,1484 1011,1498 198,1507"/>
        <Baseline points="198,1488 1013,1484"/>
        <TextEquiv>
          <Unicode>für dieſen Pionierdienſt von Herzen bedanken.</Unicode>
        </TextEquiv>
      </TextLine>
      <TextLine id="eSc_line_f06ad83a" >
        <Coords points="289,1544 287,1492 1470,1496 1474,1540 1472,1548 289,1554"/>
        <Baseline points="289,1544 1474,1540"/>
        <TextEquiv>
          <Unicode>Sodann hat die piemonteſiſche Regierung den liberalen Grund⸗</Unicode>
        </TextEquiv>
      </TextLine>
      <TextLine id="eSc_line_a0f41c4a" >
        <Coords points="198,1600 198,1552 328,1558 374,1550 401,1546 401,1546 401,1546 403,1546 403,1546 405,1546 421,1550 454,1558 521,1550 552,1546 552,1546 554,1546 554,1546 554,1546 574,1550 620,1558 692,1548 717,1546 717,1546 719,1546 719,1546 721,1546 721,1546 730,1548 756,1558 771,1548 773,1546 775,1546 775,1546 775,1546 777,1546 777,1546 779,1546 858,1546 858,1546 858,1546 860,1546 860,1546 866,1548 885,1556 895,1548 897,1548 897,1548 897,1548 897,1548 899,1548 899,1548 899,1548 901,1548 907,1548 1025,1558 1054,1548 1054,1548 1056,1548 1056,1548 1058,1548 1058,1548 1058,1548 1110,1558 1145,1546 1147,1546 1147,1546 1149,1546 1149,1546 1151,1546 1151,1546 1151,1546 1153,1546 1153,1546 1156,1546 1156,1546 1156,1546 1156,1546 1170,1560 1298,1560 1474,1546 1476,1600 1476,1620 198,1620"/>
        <Baseline points="198,1600 1476,1600"/>
        <TextEquiv>
          <Unicode>ſätzen zulieb ſich eine ſtarke Überbürdung mit allen nur möglichen</Unicode>
        </TextEquiv>
      </TextLine>
      <TextLine id="eSc_line_952dc262" >
        <Coords points="198,1660 196,1610 347,1620 357,1610 359,1610 359,1608 359,1608 361,1608 361,1608 361,1608 363,1608 363,1608 363,1608 366,1608 417,1610 531,1616 541,1610 548,1606 550,1606 550,1606 552,1606 552,1606 552,1606 554,1606 554,1606 554,1606 556,1606 556,1606 556,1606 558,1606 558,1606 562,1610 570,1616 620,1612 655,1608 655,1608 657,1608 657,1608 690,1612 746,1618 758,1612 771,1606 771,1606 771,1606 773,1606 773,1606 775,1606 775,1606 775,1606 777,1606 796,1612 814,1618 833,1612 856,1604 856,1604 858,1604 858,1604 860,1604 860,1604 862,1604 862,1604 862,1604 864,1604 876,1612 885,1618 1013,1618 1019,1614 1036,1606 1036,1606 1036,1606 1038,1606 1038,1606 1040,1606 1040,1606 1116,1614 1145,1616 1166,1614 1236,1604 1236,1604 1238,1604 1238,1604 1238,1604 1240,1604 1240,1604 1240,1604 1261,1614 1263,1616 1377,1616 1377,1614 1410,1602 1410,1602 1412,1602 1412,1602 1412,1602 1414,1602 1414,1602 1416,1602 1470,1616 1474,1651 1470,1672 196,1670"/>
        <Baseline points="198,1660 1474,1651"/>
        <TextEquiv>
          <Unicode>Steuern, die Beraubung der rechtmäßigen Herrſcher der beiden Sicilien,</Unicode>
        </TextEquiv>
      </TextLine>
      <TextLine id="eSc_line_b46fc680" >
        <Coords points="198,1716 196,1670 1470,1670 1478,1709 1478,1726 198,1726"/>
        <Baseline points="198,1716 1478,1709"/>
        <TextEquiv>
          <Unicode>Toskana&#39;s, Parma&#39;s und Modena&#39;s, die Wegnahme des Kirchengutes</Unicode>
        </TextEquiv>
      </TextLine>
      <TextLine id="eSc_line_874abe7d" >
        <Coords points="198,1771 194,1732 324,1720 326,1720 1466,1722 1470,1767 1468,1778 198,1782"/>
        <Baseline points="198,1771 1470,1767"/>
        <TextEquiv>
          <Unicode>und endlich das Sacrilegium am Kirchenſtaate ſelbſt erlaubt. Die Geld⸗</Unicode>
        </TextEquiv>
      </TextLine>
      <TextLine id="eSc_line_942485ea" >
        <Coords points="198,1831 192,1792 244,1778 246,1778 246,1778 248,1778 248,1778 248,1778 250,1778 285,1788 419,1778 421,1778 421,1778 421,1778 423,1778 423,1778 423,1778 444,1788 452,1780 452,1778 452,1778 454,1778 454,1778 454,1778 457,1778 457,1778 459,1778 459,1778 529,1786 539,1778 539,1775 539,1775 541,1775 541,1775 541,1775 543,1775 543,1775 543,1775 545,1775 545,1775 548,1775 548,1775 576,1786 674,1775 674,1775 676,1775 926,1784 936,1775 936,1773 936,1773 938,1773 938,1773 938,1773 940,1773 940,1773 940,1773 943,1773 1149,1784 1191,1771 1193,1771 1193,1771 1193,1771 1195,1771 1468,1784 1474,1823 1472,1831 198,1842"/>
        <Baseline points="198,1831 1474,1823"/>
        <TextEquiv>
          <Unicode>noth des Staates hat das Land den großen Finanzmächten dienſtbar</Unicode>
        </TextEquiv>
      </TextLine>
      <TextLine id="eSc_line_558c2987" >
        <Coords points="198,1889 194,1850 521,1833 523,1833 523,1833 525,1833 564,1844 601,1833 603,1833 603,1833 603,1833 605,1833 804,1844 829,1831 829,1831 829,1831 831,1831 831,1831 831,1831 833,1831 833,1831 914,1842 959,1831 961,1831 961,1831 963,1831 963,1831 1089,1842 1153,1829 1153,1829 1153,1829 1156,1829 1156,1829 1158,1829 1158,1829 1158,1829 1160,1829 1160,1829 1172,1840 1232,1829 1232,1829 1234,1829 1234,1829 1234,1829 1236,1829 1236,1829 1236,1829 1259,1842 1468,1842 1474,1881 1472,1889 198,1908"/>
        <Baseline points="198,1889 1474,1881"/>
        <TextEquiv>
          <Unicode>gemacht. Dem bloßen Collectiv⸗Eigenthume der Socialdemokratie ſind die</Unicode>
        </TextEquiv>
      </TextLine>
      <TextLine id="eSc_line_9e7a1fbb" >
        <Coords points="200,1947 192,1910 217,1893 219,1893 219,1893 219,1893 221,1893 221,1893 221,1893 223,1893 223,1893 225,1893 277,1906 357,1891 357,1891 359,1891 359,1891 463,1906 467,1943 467,1951 407,1964 407,1964 405,1964 198,1959"/>
        <Baseline points="200,1947 467,1943"/>
        <TextEquiv>
          <Unicode>Wege gebahnt.</Unicode>
        </TextEquiv>
      </TextLine>
      <TextLine id="eSc_line_e6c6102f" >
        <Coords points="289,2001 287,1953 1474,1953 1478,1997 1476,2005 289,2009"/>
        <Baseline points="289,2001 1478,1997"/>
        <TextEquiv>
          <Unicode>Nicht minder günſtig für ſie iſt die Trennung von Kirche und</Unicode>
        </TextEquiv>
      </TextLine>
      <TextLine id="eSc_line_4b2db54e" >
        <Coords points="200,2063 194,2022 221,2007 221,2007 221,2007 223,2007 223,2007 225,2007 225,2007 225,2007 227,2007 227,2007 254,2017 289,2007 291,2007 291,2007 291,2007 293,2007 293,2007 295,2007 295,2007 295,2007 297,2007 314,2019 438,2019 448,2009 448,2007 448,2007 450,2007 450,2007 450,2007 452,2007 452,2007 454,2007 454,2007 454,2007 457,2007 481,2015 492,2005 492,2005 494,2005 494,2005 494,2005 496,2005 496,2005 496,2005 498,2005 707,2015 984,2001 986,2001 1470,2011 1478,2053 1480,2061 1433,2073 1431,2073 1431,2073 1431,2075 200,2075"/>
        <Baseline points="200,2063 1478,2053"/>
        <TextEquiv>
          <Unicode>Staat, wodurch der Atheismus in das öffentliche Leben, in Schule und</Unicode>
        </TextEquiv>
      </TextLine>
      <TextLine id="eSc_line_b8a22118" >
        <Coords points="200,2123 196,2081 1470,2063 1476,2108 1472,2125 1294,2117 1271,2127 1265,2129 1265,2129 1263,2129 1263,2129 1263,2129 1261,2129 1261,2129 1234,2127 1158,2119 1071,2127 1025,2131 1025,2131 1023,2131 920,2127 781,2123 758,2129 734,2135 732,2135 732,2135 732,2137 659,2137 657,2135 657,2135 655,2135 655,2135 655,2135 653,2135 653,2135 653,2133 647,2129 643,2125 599,2129 506,2137 506,2137 504,2137 504,2137 502,2137 502,2137 502,2137 500,2137 500,2137 490,2129 485,2127 452,2129 326,2139 326,2139 324,2139 198,2129"/>
        <Baseline points="200,2123 1476,2108"/>
        <TextEquiv>
          <Unicode>Heer eindrang, und durch eine bodenlos verkommene Preſſe in täglich</Unicode>
        </TextEquiv>
      </TextLine>
      <TextLine id="eSc_line_376bf3d5" >
        <Coords points="200,2175 194,2135 246,2121 248,2121 248,2121 250,2121 250,2121 250,2121 252,2121 287,2131 337,2121 337,2121 337,2121 339,2121 457,2131 461,2131 463,2131 514,2119 517,2119 517,2119 519,2119 519,2119 593,2129 636,2119 639,2119 639,2119 641,2119 641,2119 641,2119 688,2129 694,2131 781,2131 783,2127 792,2121 792,2119 792,2119 794,2119 794,2119 794,2119 796,2119 796,2119 798,2119 1472,2121 1476,2166 1474,2175 200,2193"/>
        <Baseline points="200,2175 1476,2166"/>
        <TextEquiv>
          <Unicode>weitere Kreiſe geleitet wird. Daß ihm die Herrſchaft über die Familie</Unicode>
        </TextEquiv>
      </TextLine>
      <TextLine id="eSc_line_ff4aa68c" >
        <Coords points="200,2230 198,2185 895,2185 907,2181 963,2172 963,2172 965,2172 1166,2181 1189,2181 1199,2181 1300,2170 1300,2170 1302,2170 1472,2181 1476,2220 1474,2232 200,2243"/>
        <Baseline points="200,2230 1476,2220"/>
        <TextEquiv>
          <Unicode>noch ſtreitig gemacht wird, verdankt man den Anſtrengungen des aller⸗</Unicode>
        </TextEquiv>
      </TextLine>
      <TextLine id="eSc_line_d7f0354f" >
        <Coords points="200,2286 198,2239 1472,2241 1476,2282 1474,2294 299,2294 200,2305"/>
        <Baseline points="200,2286 1476,2282"/>
        <TextEquiv>
          <Unicode>dings ſtark decimirten Klerus und dem geſunden Sinne des Volkes,</Unicode>
        </TextEquiv>
      </TextLine>
      <TextLine id="eSc_line_905dff25" >
        <Coords points="200,2342 196,2301 1470,2286 1476,2336 1474,2354 1395,2373 1395,2373 1395,2373 1393,2373 1393,2373 1313,2356 1302,2356 1226,2356 1220,2359 1191,2371 1191,2371 1189,2371 1189,2371 1189,2371 1187,2371 1187,2371 1187,2371 1184,2371 1184,2371 1158,2359 1151,2356 1143,2359 1129,2367 1129,2367 1129,2367 1127,2367 1127,2367 1127,2367 1125,2367 1042,2361 1005,2359 1000,2361 984,2375 984,2375 982,2375 982,2375 982,2375 980,2375 980,2375 978,2375 978,2375 978,2375 976,2375 976,2375 976,2375 974,2375 974,2375 961,2363 928,2375 928,2375 926,2375 926,2375 926,2375 924,2375 924,2375 854,2363 825,2359 794,2365 738,2375 738,2375 738,2377 636,2377 634,2375 634,2375 632,2375 632,2375 630,2375 616,2367 610,2363 595,2367 558,2377 556,2377 556,2377 554,2377 554,2377 554,2377 552,2377 552,2377 531,2367 514,2361 494,2369 467,2377 467,2377 465,2377 465,2377 465,2379 335,2379 332,2377 332,2377 330,2377 330,2377 312,2371 285,2361 200,2371"/>
        <Baseline points="200,2342 1476,2336"/>
        <TextEquiv>
          <Unicode>deſſen Geſchichte und lebendiger Glaube zum Katholicismus gravitirt.</Unicode>
        </TextEquiv>
      </TextLine>
    </TextRegion>
  </Page>
</PcGts>
