1352 2131
54 125 1295 183 zwei Epochen, den Lehraufgaben entsprechend, welche ihm zu-
54 182 1296 246 erst in der Philosophie und sodann in der Theologie zugefallen
55 249 208 300 waren.
146 297 1296 362 In der ersten Epoche ist er Scholastiker im ausgeprägten
54 359 1295 419 Sinne des Wortes; er war es vermöge seines Bildungsganges
52 419 1296 477 und vermöge seiner Berufsstellung. Nur ein Scholastiker konnte
52 477 1295 538 damals auf einen Lehrstuhl der Philosophie berufen werden,
53 541 1296 599 und sogar nur ein solcher, welcher sich schon für eine der bei-
53 599 1297 659 den Richtungen, an welchen der ganze Betrieb der Wissenschaft
52 655 1290 715 zu hängen schien, entschieden hatte; denn es sollten von Anfang
50 716 1292 777 an beide Richtungen, und beide in gleicher Zahl der Lehrstühle
52 778 1292 837 in Tübingen vertreten sein, zwei vom alten und zwei vom
49 838 1293 897 neuen Weg, wofür die Bezeichnungen Realisten und No-
49 896 1293 955 minalisten allerdings nicht mehr zutreffend waren, da der
50 955 1292 1016 Hauptdifferenzpunkt nicht so fast in der Annahme oder Ver-
48 1014 1291 1076 werfung der Realität der Allgemeinbegriffe (Ideen, species), als-
49 1074 1288 1136 vielmehr in der Frage lag, auf welche Weise die Erkenntniss-
49 1136 901 1198 von den Ideen der Dinge gewonnen werde.
139 1192 1288 1252 Summenhart gehörte dem alten Weg an, den auch Johan-
49 1254 1288 1311 nes a Lapide in Paris, Basel und Tübingen vertreten hatte,
48 1311 1291 1372 während Gabriel Biel und Panl Scriptoris aus Weil der Stadt
48 1374 1289 1433 zu den »moderni« zählten; die letztern hiessen auch Occami-
46 1431 1289 1490 sten, denn modern in dem Sinn einer eigenen Lehre wollte auch
47 1494 1291 1552 von ihnen keiner sein; die Auktorität eines grossen Führers galt
46 1549 1290 1611 Alles. Aber auch die Realisten waren diess keineswegs in der
48 1607 1286 1671 Richtung der thomistischen Theologie, welche heutzutage
43 1668 1289 1728 wieder als die Norm der realistischen Doktrin gilt, sondern sie
43 1727 1288 1785 waren Skotisten und hatten damit in der Erkenntnisslehre
45 1790 1291 1849 wie in der Lehre vom Willen im Verhältniss zum Intellekt
43 1845 1288 1906 schon starke Schritte von der classischen Scholastik hinweg nach der
45 1907 1283 1967 Richtung Occams gethan ³). Eine wesentliche Fortentwicklung
42 1967 1284 2030 und Förderung der Philosophie und speculativen Theologie war
41 2024 823 2099 auf diesem Wege nicht mehr zu hoffen.
570 26 781 87 — 8 —
