1560 2411
235 231 1391 293 Schon waren die Blicke der einsichtsvolleren Männer auch
148 291 1391 358 aus der alten Schule nach einer ganz andern Seite hin gewen-
148 353 1326 421 det; denn ein frischer Luftzug kam vom Humanismus her.
241 409 1393 476 Man ist in unsern Tagen gewöhnt, eine tiefe Kluft zu be-
146 468 1393 537 festigen zwischen den Vertretern der alten Lehre und Methode,
147 530 1397 597 und dem Geiste der Renaissance des klassischen Alterthums mit
147 589 1395 657 seinem Gefolge, dem sog. Humanismus; und es wurde befremd-
148 646 1397 717 lich gefunden, dass der erlauchte Gründer der Universität nicht
148 707 1392 774 eine Anzahl von Lehrern humanistischer Bildung und Richtung
150 766 1393 839 zu gewinnen gesucht, anstatt einer absterbenden Bildung noch
151 829 813 896 einmal ein Heiligthum zu bauen.
239 885 1397 951 Allein in Tübingen finden wir von Anfang an durchaus
150 945 1397 1013 keine feindliche Spannung zwischen der scholastischen Theologie
151 1003 1397 1074 und der humanistischen Richtung, vielmehr sehen wir gerade
150 1062 1397 1125 unsere hervorragenden Theologen nicht blos in persönlich freund-
148 1122 1397 1190 lichen Beziehungen, sondern im geistigen Verkehr mit humani-
146 1181 1397 1249 stischen Kreisen. Johannes a Lapide, der als strenger Ver-
146 1243 1399 1304 treter des »alten Wegs« von Paris nach Tübingen gekommen
147 1299 1403 1370 war, bildete bald darauf in Basel geradezu den Mittelpunkt
146 1360 1400 1427 eines Freundeskreises, welcher die hervorragendsten Männer der
147 1419 1399 1485 neueren wissenschaftlichen Richtung damaliger Zeit umfasste,
148 1478 1400 1548 wie Joh. Mathias von Gengenbach, Ulrich Surgant, Joh.
150 1539 1400 1605 Geiler von Kaisersberg, Sebastian Brant, Christoph von
151 1597 1400 1666 Utenheim, Joh. Amerbach ⁴). Ja man hat bemerkt, dass
148 1655 1400 1729 gerade die Realisten, welche im Ganzen die wissenschaft-
147 1715 1403 1786 licheren Köpfe unter die Ihrigen zählten, vorzugsweise das er-
147 1780 1407 1844 wachende Studium der Alten gepflegt ⁵). Aber auch Gabriel
148 1832 1403 1903 Biel, der Occamist, stand in Briefwechsel und vertrautem Ver-
147 1895 1403 1964 kehr mit den berühmten Strassburgern, dem Patricier und Ka-
147 1951 1403 2019 nonicus Peter Schott und mit Geiler. Mit Reuchlin theilte
147 2010 1404 2082 er sich in die Gunst des Grafen Eberhard; H. Bebel feiert
147 2072 1400 2143 ihn in Gedichten ⁴). Neben ihnen hat auch Summenhart sich
148 2132 1401 2210 das Lob und die Freundschaft der Humanisten erworben; er
665 150 872 208 — 9 —
