1362 2130
66 123 1313 183 war ihnen ein freisinniger Mann, der sich mit Widerwillen von
63 181 1311 243 dem scholastischen Gezänke abgewendet und dagegen auf ein
65 241 1312 305 gründliches Studium der heil. Schrift gedrungen habe. Wenn
63 300 1308 360 Reuchlin nach Tübingen kam, war er Summenharts Gast. Strass-
62 358 1308 426 burger Freunde haben nach seinem Tod sein grosses Werk über
63 421 640 481 Physik zum Druck gebracht.
149 476 1307 541 Dennoch steht Summenhart, und besonders in seiner ersten
61 537 1303 603 Periode, noch vollständig auf dem Boden der alten Lehrweise;
58 596 1303 660 ihm war in der Philosophie Aristoteles der Meister, und das
59 657 1305 723 Princip der Schulauktoritäten war noch ungebrochen. Aber man
58 715 1302 782 verkennt den Gang der theologischen Wissenschaft doch voll-
55 775 1301 841 ständig, wenn man sich die Theologen gegen Ende des 15. Jahr-
53 837 1301 901 hunderts ganz unberührt von den grossen Ideen vorstellt, welche
52 895 1299 960 seit hundert Jahren schon Welt und Kirche in Aufregung ver-
52 957 1299 1017 setzt hatten; und man überschätzt ungeheuer die Bedeutung des
52 1014 1300 1081 sog. Humanismus, wenn man auf seinen Einfluss jene ganze
54 1078 1300 1138 geistige Bewegung zurückführen will, welche die neue Zeit mit
49 1133 1299 1198 ihren Umwälzungen in der religiösen und Rechtsordnung her-
50 1188 272 1254 beigeführt.
139 1249 1300 1319 Innerhalb der Kirche selbst hatte die Erkenntniss grosser
53 1308 1302 1376 Übelstände und der Ruf nach einer »Reformation an Haupt und
50 1371 1301 1437 Gliedern« schon vorlängst zu den grossen Reformationsconcilien
48 1431 1300 1496 zu Constanz u. s. w. geführt; die Bewegung kam niemals mehr
48 1487 1298 1557 zur Ruhe, und kein Theologe konnte sich der Aufgabe entziehen,
47 1551 1299 1615 den grossen Fragen über Kirchenverfassung und Kirchenreform
48 1610 1300 1674 seine Aufmertsamkeit zuzuwenden. Was man von scholastischen
47 1667 1299 1728 Streitigkeiten und Spitzfindigkeiten erzählt, das waren doch
45 1727 1300 1793 eigentlich nur Schulübungen und Disputationen innerhalb der
46 1785 1299 1851 Artistenfacultät, welche einen ähnlichen Zweck hatten wie etwa
45 1847 1299 1905 an unsern humanistischen Mittelschulen der Betrieb der mathe-
45 1903 1296 1971 matischen Wissenschaften, nemlich eine Art von geistigem Zucht-
46 1963 1295 2034 mittel zu sein, wodurch die Schüler erst für die höhern geistigen
46 2024 756 2090 Aufgaben vorbereitet werden sollten.
577 33 807 79 — 10 —
