2130 3057
416 1188 1572 1260 In der Zeit, in welche die Gründung der Universität
332 1266 1569 1323 Tübingen fällt, wurde der Charakter der Universitäten noch
322 1326 1572 1382 vorzugsweise durch die theologische Facultät bestimmt, welche
321 1382 1572 1441 nicht nur der Schule Namen und Glanz verlieh, sondern auch
321 1441 1572 1506 dem gesammten wissenschaftlichen Studium der andern Facultäten,
324 1499 1567 1565 kaum die juristische ausgenommen, Methode und Richtung angab.
414 1559 1571 1623 Es ist bemerkenswerth genug, welche Mühe sich der er-
319 1618 1574 1679 lauchte Stifter unsrer Tübinger Hochschule gab, theologische
322 1679 1571 1745 Celebritäten aus der Fremde an sich zu ziehen, wie den hoch-
322 1742 1572 1807 angesehenen Johannes Heynlin von Stein (a Lapide) und
322 1796 1572 1864 den nicht minder berühmten Gabriel Biel, welchen man vor
319 1857 1572 1917 Zeiten gerne den »letzten Scholastiker« genannt hat. Mit die-
321 1922 1574 1983 sen beiden Männern theilt sich Konrad Summenhart in das
329 1983 1577 2044 Verdienst, den wissenschaftlichen Ruhm der neuen Facultät
321 2034 1571 2104 nicht nur durch gesegnete Lehrthätigkeit, sondern auch durch
321 2102 1574 2161 Schriftwerke begründet zu haben, welche bis diesen Tag, wenn
321 2153 1576 2223 auch veraltet, doch von dem Höhestand der damaligen Bildung
322 2211 1577 2285 Zeugniss geben und von der Geschichte der Wissenschaft nicht
324 2274 1233 2343 mit Stillschweigen übergangen werden dürfen.
411 2331 1577 2401 Nachdem die Bedeutung der beiden erstgenannten Männer
322 2391 1576 2467 in neuerer Zeit mehrfach in das Licht gerückt und gewürdigt
377 2462 791 2537 Linsenmann, Summerhart.
1322 2448 1355 2514 1
919 1054 970 1131 I.
