1356 2150
59 133 1303 192 worden ¹), achten wir es als einen schicklichen und erwünsch-
56 191 1305 250 ten Anlass, dem bisher weniger beachteten und nicht weniger
58 252 1303 311 verdienten Summenhart im Jubiläumsjahr unsrer Hochschule
56 308 819 370 eine literarische Ehrensäule zu setzen.
158 367 1305 431 Unser Zweck hiebei ist, nicht blos an ruhmvolle Namen
54 427 1303 486 und Personen zu erinnern, sondern auch die Culturzustände,
56 487 1303 548 welche die Männer repräsentiren, dem heutigen Geschlecht zu
56 548 1303 610 vergegenwärtigen und ein Verständniss des Geistes, in welchem
54 605 1302 665 vor 400 Jahren die Hochschule inaugurirt und in den Kreis
54 667 1303 729 der europäischen Gelehrtenschulen eingeführt worden, zu gewin-
54 723 1303 785 nen. Wir werden Einblick thun in das wissenschaftliche Leben
53 787 1302 849 und die literarische Thätigheit einer Gelehrtengeneration, welche
54 846 1301 903 dem Beginne der neuen Zeit, dem Wiedererwachen der hu-
54 905 1302 966 manistischen Studien, dem Ende der alten Scholastik und dem
54 965 1302 1026 Anfang der religiösen Reform so nahe steht. Noch in neuester
56 1023 1302 1085 Zeit wurde es als unerlässliche Aufgabe bezeichnet, den Zustand
54 1085 1296 1145 der Theologie etwa um 1490 — 1510 genau zu untersuchen ²).
54 1143 1298 1204 Hiezu dürfte unsere Arbeit ein nicht unwillkommener Beitrag sein.
144 1202 1297 1266 Summenhart ist ein Typus des biedern alten Professoren-
52 1263 1297 1324 standes, und wir getrauen uns an ihm nachzuweisen, wie tref-
50 1322 1299 1389 fend ein Geschichtschreiber unsrer Universität diese alte Zeit
51 1379 1296 1442 und ihre Professoren kennzeichnet: »Die Universität Tübingen«,
50 1442 1299 1505 sagt er, »war seit ihrer Entstehung durch den gründlichen echt
51 1500 1296 1562 wissenschaftlichen Geist ihrer Gelehrten, die nicht nach auffal-
50 1559 1296 1623 lenden neuen Systemen und Theorien haschten, sondern mit deut-
50 1619 1293 1681 schem Fleiss und echter Forschbegierde mehr im Stillen wirk-
50 1684 1064 1740 ten, vor vielen andern Akademien ausgezeichnet« ³).
145 1737 1296 1795 Über das Leben und die äussern Schicksale Summenharts
47 1797 1293 1860 haben wir nur sehr dürftige Nachrichten ⁴), wie ja das Quel-
46 1854 1295 1918 lenmaterial aus den ersten Jahrzehnten der Universität über-
47 1918 1296 1973 haupt fast vollständig mangelt. Bei Summenhart aber kommt
46 1978 1292 2037 hinzu, dass er aus dem Stillleben des damaligen Gelehrtenthums
46 2038 1290 2102 nur bei seltenen Anlässen herausgetreten; ihn hatten keine welt-
577 44 796 89 — 2 —
