1354 2056
59 50 1299 105 worden ¹), achten wir es als einen schicklichen und erwünsch-
55 105 1300 163 ten Anlass, dem bisher weniger beachteten und nicht weniger
55 164 1299 223 verdienten Summenhart im Jubiläumsjahr unsrer Hochschule
55 221 812 279 eine literarische Ehrensäule zu setzen.
156 280 1301 342 Unser Zweck hiebei ist, nicht blos an ruhmvolle Namen
57 343 1299 400 und Personen zu erinnern, sondern auch die Culturzustände,
55 402 1300 462 welche die Männer repräsentiren, dem heutigen Geschlecht zu
55 467 1300 524 vergegenwärtigen und ein Verständniss des Geistes, in welchem
55 519 1299 581 vor 400 Jahren die Hochschule inaugurirt und in den Kreis
53 581 1300 643 der europäischen Gelehrtenschulen eingeführt worden, zu gewin-
54 638 1300 701 nen. Wir werden Einblick thun in das wissenschaftliche Leben
53 699 1300 764 und die literarische Thätigkeit einer Gelehrtengeneration, welche
52 759 1298 821 dem Beginne der neuen Zeit, dem Wiedererwachen der hu-
52 820 1299 877 manistischen Studien, dem Ende der alten Scholastit und dem
53 879 1299 940 Anfang der religiösen Reform so nahe steht. Noch in neuester
54 938 1300 1002 Zeit wurde es als unerlässliche Aufgabe bezeichnet, den Zustand
54 1000 1294 1058 der Theologie etwa um 1490—1570 genau zu untersuchen ²).
52 1057 1294 1118 Hiezu dürfte unsere Arbeit ein nicht unwillkommener Beitrag sein.
143 1115 1293 1179 Summenhart ist ein Typus des biedern alten Professoren-
51 1176 1294 1239 standes, und wir getrauen uns an ihm nachzuweisen, wie tref-
50 1233 1296 1299 fend ein Geschichtschreiber unsrer Universität diese alte Zeit
50 1294 1292 1355 und ihre Professoren kennzeichnet: »Die Universität Tübingen«,
51 1355 1295 1420 sagt er, »war seit ihrer Entstehung durch den gründlichen echt
50 1412 1293 1479 wissenschaftlichen Geist ihrer Gelehrten, die nicht nach auffal-
49 1474 1293 1537 lenden neuen Systemen und Theorien haschten, sondern mit deut-
49 1531 1291 1594 schem Fleiss und echter Forschbegierde mehr im Stillen wirk-
49 1594 1060 1657 ten, vor vielen andern Akademien ausgezeichnet« ³).
145 1650 1292 1715 Über das Leben und die äussern Schicksale Summenharts
46 1709 1291 1775 haben wir nur sehr dürftige Nachrichten ⁴), wie ja das Quel-
46 1772 1292 1829 lenmaterial aus den ersten Jahrzehnten der Universität über-
46 1832 1293 1894 haupt fast vollständig mangelt. Bei Summenhart aber kommt
46 1891 1290 1949 hinzu, dass er aus dem Stillleben des damaligen Gelehrtenthums
46 1950 1288 2020 nur bei seltenen Anlässen herausgetreten; ihn hatten keine welt-
