1349 2135
135 135 1283 193 Sodann musste der unleugbar gewaltige Aufschwung des
46 188 1281 255 geistigen Lebens und der literarischen Produktion seit Erfindung
45 247 1286 309 des Bücherdrucks doch vor allem in den theologischen Kreisen be-
46 310 1286 371 merkbar werden, wie er ja meist auch von ihnen ausgegangen war.
46 366 1290 431 Sorgfältiger leitet man nicht im Frühling die Wasserbäche auf
46 430 1288 488 die Matten, um sie zu befruchten; emsiger werden nicht in der
49 483 1286 550 Überschwemmungszeit die Fluthen des Nil in die Kanäle ge-
46 545 1288 609 fasst und landeinwärts geleitet, als man die durch die Buch-
46 607 1289 663 druckerkunst erschlossenen Geistesschätze nach allen Seiten hin
47 671 1289 729 sich anzueignen und auszuwerthen bemüht war. Vor solcher
49 723 1289 785 Regsamkeit konnten die scholastischen Theologen nicht mit ver-
47 784 1292 846 schränkten Armen zuschauend stehen bleiben. Mit der leichteren
55 843 1290 908 Verbreitung der literarischen Erzeugnisse und Errungenschaften
47 903 1289 966 erwachte von selbst ein gewisser Sinn für geschichtliche Behand-
48 964 1290 1025 lung der wissenschaftlichen Probleme; in viel höherem Masse
47 1020 1289 1086 jedoch erhielt das theologische Studium Impulse zu einer auf
51 1082 1289 1144 Sprachkenntniss fundirten Vertiefung in die heiligen Schriften,
48 1142 1293 1203 sowie zu den umfassendsten Untersuchungen über die politischen
48 1200 1292 1262 und noch mehr die socialen Zustände. In welcher Weise Sum-
48 1260 1293 1322 menhart an diesen Bestrebungen sich betheiligte, wird aus einer
48 1322 1293 1385 Analyse seiner Hauptschriften zu erörtern sein, um auch auf
48 1379 1294 1448 diesem Wege nachzuweisen, dass von einem Stillestehen der
55 1437 1293 1501 Wissenschaft bei alten scholastischen Formeln vor dem Eingrei-
47 1499 1293 1565 fen der Humanisten in die öffentlichen Tagesfragen durchaus
47 1558 1294 1620 nicht geredet werden kann. Nicht die Humanisten haben die
49 1615 1295 1681 neue Zeit gemacht; sie sind vielmehr nur das Produkt einer
48 1673 1293 1742 geistigen Evolution, welche ihren Ursprung an den Hauptsitzen
51 1735 889 1800 der gelehrten Zeitbildung überhaupt hatte.
140 1791 1293 1857 Die äussere Form des Unterrichts und der gelehrten Dar-
52 1855 1295 1916 stellung war aber noch die alte, stehen gebliebene, scholastische.
51 1912 1293 1974 Als akademische Lehrer stellte man sich nur solche Männer vor,
49 1968 1295 2035 welche selbst die strenge Systematik und Zucht der Schule durch-
49 2029 1295 2104 gemacht. Mlit dem Begriff der Schule verknüpft sich von selbst
546 37 777 106 — 11 —
