1362 2127
54 119 1296 181 Material so erschöpfend als möglich mitgetheilt und über den
53 174 1296 241 aristotelisch-albertinischen Standpunkt wird nicht wesentlich hin-
53 237 1296 301 ausgegangen; doch fehlt es auch nicht an einzelnen eigenen Be-
53 296 1298 359 obachtungen von Naturerscheinungen und neuen Erklärungsver-
53 355 1301 413 suchen; es war noch kein Paracelsus in die alten Schulstuben
52 413 1301 482 gefahren, um ihren Apparat über den Haufen zu werfen; und
52 473 1299 543 es muthet uns vom Standpunkt der heutigen Forschungsmethode
54 535 1300 590 ungemein naiv an, mit welchem Ernst auf der einen Seite die un-
53 592 1300 658 glaublichsten Überlieferungen und Phänomene gläubig angenommen,
53 651 1301 720 und mit welcher Sicherheit auf der andern Seite für jede Er-
55 712 1302 777 scheinung eine Erklärung gegeben wurde. Aber um wie vieles
54 769 1301 836 ist die heutige Wissenschaft weiter, über wie viele Phänomene
55 829 1248 895 stimmen die Erklärungen der heutigen Forscher zusammen?
145 890 1305 954 Mit Stolz aber hebt es Summenhart hervor, dass seinen
57 947 1306 1011 Gewährsmann, Albert d. Gr., unser schwäbisches Vaterland
55 1006 1305 1076 geboren hat, dessen Ruhm er geworden ist. Ja mit den Schrif-
54 1068 1306 1142 ten Alberts, fügt er bei, habe sich ereignet, dass gleichsam der
56 1128 1305 1195 Jordan rückwärts geflossen zu seiner Quelle. Denn während
54 1186 1305 1258 ehemals die Philosophie von den Griechen zu den Lateinern ge-
57 1243 1307 1319 flossen, sei später ein Theil der Philosophie Alberts durch einen
56 1304 1306 1373 griechischen Interpreten aus dem Lateinischen in das Griechi-
57 1369 587 1433 sche übertragen worden ⁹).
151 1422 1305 1490 Die zweite Epoche für die wissenschaftliche Entwicklung
60 1484 1307 1544 Summenharts dürfen wir wohl von seinem Übertritt in die theo-
60 1543 1307 1610 logische Facultät datiren. Hauptaufgabe der theologischen Fa-
59 1603 1308 1667 cultät war die Erklärung der heil. Schrift, das Bibelstudium;
60 1666 1311 1722 und zwar hatte sich um diese Zeit eine auf das Studium der
63 1725 1309 1787 Grundsprachen gestützte wissenschaftliche Behandlung der Schrift-
60 1783 1311 1845 erklärung schon ziemlich Bahn gebrochen; der Typus hiefür
61 1842 1311 1907 war Nikolaus von Lyra († 1340 zu Paris). Auch wurde es
61 1901 1313 1966 um diese Zeit wohl erkannt und ausgesprochen, dass das scho-
61 1962 1313 2025 lastische Studium nicht um seiner selbst willen, sondern als
63 2015 1313 2089 Zucht und Übung für das tiefere theologische Verständniss der
560 26 798 88 — 13 —
