<?xml version="1.0" encoding="UTF-8"  standalone="yes"?>
<PcGts xmlns="http://schema.primaresearch.org/PAGE/gts/pagecontent/2019-07-15" xmlns:xsi="http://www.w3.org/2001/XMLSchema-instance" xsi:schemaLocation="http://schema.primaresearch.org/PAGE/gts/pagecontent/2019-07-15 http://schema.primaresearch.org/PAGE/gts/pagecontent/2019-07-15/pagecontent.xsd">
  <Metadata externalRef="http://idb.ub.uni-tuebingen.de/opendigi/image/linsenmann1877/linsenmann1877_00010.jp2/full/full/0/default.jpg">
	<Creator>escriptorium</Creator>
	<Created>2022-08-07T20:01:23.601356+00:00</Created>
        <LastChange>2022-08-07T20:01:23.601372+00:00</LastChange>
  </Metadata>
  <Page imageFilename="linsenmann1877_00010.jpg" imageWidth="1359" imageHeight="2128">
    <TextRegion id="eSc_textblock_ebfe4bec"  >
      <Coords points="1292,122 1316,137 1316,954 1311,1006 1273,1040 1311,1082 1316,1220 1302,2074 42,2074 52,250 56,127 70,118 1056,118 1292,122"/>
      <TextLine id="eSc_line_6de26973" >
        <Coords points="1295,125 1140,125 1107,118 1104,118 1092,118 1088,118 1076,125 1047,125 1019,118 1010,118 998,118 986,118 974,118 962,118 950,118 939,118 927,118 915,118 903,118 891,118 879,118 875,118 856,125 734,125 715,118 714,118 702,118 690,118 680,121 668,118 667,118 655,118 643,118 631,118 619,118 615,118 538,125 510,118 501,118 489,118 477,118 476,118 457,121 450,118 442,118 430,118 418,118 406,118 395,118 383,118 371,118 359,118 347,118 335,118 329,118 287,127 250,127 228,118 217,118 205,118 193,118 182,118 170,118 158,118 146,118 141,118 124,124 94,118 87,118 83,118 63,127 65,156 65,170 203,167 231,171 263,174 264,174 283,171 301,167 405,167 418,171 425,173 426,173 428,173 475,171 571,166 583,171 587,173 589,173 590,173 609,171 651,166 662,171 664,172 665,172 787,173 788,173 790,173 796,172 816,166 840,172 849,173 850,173 858,172 891,165 930,172 934,172 935,172 937,172 967,165 987,172 988,172 989,172 991,172 995,172 1062,165 1071,171 1072,171 1073,171 1075,171 1130,166 1169,172 1170,172 1172,172 1173,172 1217,165 1232,172 1233,172 1234,173 1302,173 1303,152 1301,128 1295,125"/>
        <Baseline points="65,156 1303,152"/>
        <TextEquiv>
          <Unicode>in Tübingen die Artisten nach Rang und Gehalt eine so ver-</Unicode>
        </TextEquiv>
      </TextLine>
      <TextLine id="eSc_line_d8c0bd1b" >
        <Coords points="61,217 61,230 1303,229 1304,213 1301,174 1262,180 1174,174 1144,173 1143,173 1121,176 1070,180 1056,176 1049,173 1047,173 1046,173 1045,173 1044,173 1040,176 1032,180 1021,176 1018,174 1017,174 1015,174 980,176 888,182 849,177 824,174 823,174 822,174 813,177 801,182 761,178 736,176 735,176 708,178 672,182 657,178 639,174 544,174 542,174 541,174 527,179 520,182 507,179 476,174 475,174 474,174 464,180 458,183 450,180 437,176 436,176 435,176 372,180 339,183 333,180 319,176 318,176 316,176 290,182 281,183 275,182 261,176 260,176 259,176 257,176 256,176 247,182 243,184 201,184 198,182 185,176 184,176 74,176 73,176 72,176 60,180 61,217"/>
        <Baseline points="61,217 1304,213"/>
        <TextEquiv>
          <Unicode>hältnissmässig niedrige Stellung ein, dass es scheint, die Arti-</Unicode>
        </TextEquiv>
      </TextLine>
      <TextLine id="eSc_line_e92eb6f7" >
        <Coords points="61,276 61,295 192,295 192,294 193,294 196,293 208,288 238,293 248,294 249,294 259,293 288,287 325,292 333,293 334,293 341,292 373,286 434,290 447,292 448,293 448,292 464,290 521,286 531,290 536,293 538,293 539,293 583,289 631,286 650,289 672,293 674,293 675,293 676,293 682,288 687,286 723,288 775,292 777,292 846,287 885,284 915,286 992,292 993,292 1051,290 1052,290 1053,290 1063,284 1065,283 1078,284 1124,290 1125,290 1127,290 1152,284 1156,283 1170,283 1279,290 1280,290 1282,290 1304,282 1304,271 1302,244 1191,234 1189,234 1149,243 1121,234 1120,234 1118,234 1117,234 1116,234 1099,244 1060,244 1032,234 1031,234 1030,234 1029,234 1007,243 975,236 974,236 973,236 956,245 874,245 848,236 846,236 845,236 844,236 829,244 806,235 805,235 804,235 716,244 631,236 630,236 629,236 605,245 559,237 558,237 557,237 528,245 488,238 487,238 449,245 435,238 434,238 432,238 431,238 403,245 373,236 372,236 371,236 329,242 229,237 228,237 227,237 199,247 115,237 114,237 60,248 61,276"/>
        <Baseline points="61,276 1304,271"/>
        <TextEquiv>
          <Unicode>stenfacultät sollte nur eine Übungsschule auch für die Lehrer</Unicode>
        </TextEquiv>
      </TextLine>
      <TextLine id="eSc_line_bc145ed1" >
        <Coords points="60,335 60,357 163,347 332,355 339,355 340,355 343,355 370,349 423,355 431,355 432,355 434,355 436,355 466,347 528,353 529,353 603,347 617,354 618,354 619,354 620,354 628,354 689,347 782,353 809,354 810,354 823,353 872,346 913,352 920,353 921,353 934,352 986,347 1001,352 1010,354 1011,354 1012,354 1056,352 1136,346 1185,351 1221,354 1222,354 1303,349 1304,333 1302,302 1243,302 1222,292 1221,292 1220,292 1147,301 1103,292 1020,292 1019,292 1018,292 995,301 975,293 974,293 879,292 878,292 877,292 853,301 638,293 637,293 636,293 635,293 618,303 581,303 565,293 564,293 562,293 561,293 404,302 343,293 341,293 340,293 305,302 273,293 272,293 270,293 269,293 251,302 234,294 233,294 231,294 230,294 202,303 137,303 107,294 106,294 105,294 59,303 60,335"/>
        <Baseline points="60,335 1304,333"/>
        <TextEquiv>
          <Unicode>sein und den Weg zu höhern Ämtern und Lehraufgaben bahnen.</Unicode>
        </TextEquiv>
      </TextLine>
      <TextLine id="eSc_line_3f52f8c5" >
        <Coords points="62,394 62,404 117,411 118,411 234,405 256,404 658,404 664,405 682,410 683,410 684,410 706,405 713,404 728,405 774,410 775,410 851,405 913,401 950,405 982,409 984,409 985,409 998,405 1013,401 1064,405 1107,409 1108,409 1302,405 1303,391 1301,364 1159,364 1159,362 1139,353 1137,353 1136,353 1135,353 1112,359 1085,351 1084,351 1034,351 1033,351 1032,351 1008,361 967,351 966,351 965,351 963,351 932,361 890,358 889,358 888,358 872,362 865,365 830,365 826,362 806,352 805,352 804,352 759,361 743,352 742,352 741,352 740,352 702,359 629,352 628,352 626,352 590,361 580,365 528,365 523,361 505,352 503,352 502,352 428,353 426,353 399,361 386,366 340,366 332,361 321,354 320,354 319,354 318,354 316,354 300,361 289,365 262,361 209,353 208,353 206,353 205,353 192,361 188,364 180,361 163,353 162,353 160,353 118,360 112,361 106,360 70,353 69,353 68,353 67,353 61,357 62,394"/>
        <Baseline points="62,394 1303,391"/>
        <TextEquiv>
          <Unicode>So finden wir auch Summenhart bald unter den Theologen, je-</Unicode>
        </TextEquiv>
      </TextLine>
      <TextLine id="eSc_line_2306fe1c" >
        <Coords points="59,453 59,470 236,465 382,469 532,472 533,472 611,468 650,465 658,468 677,472 678,472 680,472 787,466 816,465 829,466 874,471 875,471 876,471 890,465 896,464 915,465 969,471 971,471 972,471 984,465 987,464 994,465 1021,470 1023,471 1023,470 1051,465 1058,464 1064,465 1099,471 1101,471 1142,464 1147,464 1152,464 1192,470 1193,470 1302,463 1303,451 1301,422 1256,413 1254,413 1219,422 1155,422 1142,413 1141,413 1140,413 1139,413 1089,422 953,422 920,413 919,413 917,413 896,422 805,422 790,413 788,413 733,413 732,413 730,413 715,420 645,414 644,414 643,414 622,423 585,423 572,414 571,414 570,414 568,414 494,422 444,414 443,414 402,422 364,414 363,414 361,414 333,422 250,416 249,416 248,416 227,422 209,414 208,414 127,414 126,414 125,414 124,414 114,420 89,414 88,414 87,414 86,414 57,423 59,453"/>
        <Baseline points="59,453 1303,451"/>
        <TextEquiv>
          <Unicode>doch in der eigenthümlichen Erscheinung, dass er sich zu bei-</Unicode>
        </TextEquiv>
      </TextLine>
      <TextLine id="eSc_line_bb7f0942" >
        <Coords points="59,514 59,533 113,524 450,530 451,530 453,530 481,523 562,528 564,528 682,522 852,529 853,529 900,522 989,529 991,529 992,529 1012,521 1030,528 1031,528 1032,528 1120,521 1163,528 1165,529 1302,529 1303,509 1301,478 1082,470 1081,470 1079,470 1059,477 934,471 933,471 932,471 906,478 807,471 806,471 772,478 745,471 743,471 742,471 677,479 436,472 435,472 434,472 432,472 419,481 292,481 256,474 255,474 254,474 238,481 206,474 205,474 125,479 80,474 79,474 78,474 57,481 59,514"/>
        <Baseline points="59,514 1303,509"/>
        <TextEquiv>
          <Unicode>den Facultäten zugleich bekennt. Es hängt diess wohl mit dem</Unicode>
        </TextEquiv>
      </TextLine>
      <TextLine id="eSc_line_2d299973" >
        <Coords points="63,573 63,588 1301,582 1302,569 1299,541 1118,541 1116,540 1079,532 1078,532 1039,540 1036,540 1034,540 1017,530 1015,530 963,530 962,530 961,530 930,539 927,540 923,539 909,534 908,534 907,534 822,535 820,535 819,535 814,539 810,541 782,539 717,532 596,532 594,532 593,532 578,537 568,541 541,537 497,532 496,532 495,532 481,537 469,542 444,537 437,536 436,536 435,536 432,537 422,543 257,543 246,536 238,533 237,533 236,533 217,536 190,542 177,536 170,533 169,533 167,533 62,535 63,573"/>
        <Baseline points="63,573 1302,569"/>
        <TextEquiv>
          <Unicode>Umstand zusammen, dass die Universität noch in ihrer ersten</Unicode>
        </TextEquiv>
      </TextLine>
      <TextLine id="eSc_line_c28e5029" >
        <Coords points="63,633 63,645 136,652 137,652 138,652 159,645 162,644 341,644 343,644 356,651 357,651 358,652 442,652 442,651 443,651 462,644 463,644 501,651 502,651 503,651 505,651 516,644 518,643 622,643 625,643 663,650 664,651 782,651 782,650 784,650 800,643 845,649 846,650 991,650 991,649 992,649 1013,641 1276,647 1277,647 1278,647 1301,639 1301,627 1297,588 1201,594 1187,588 1185,587 1183,587 1107,586 1105,586 1090,588 1050,597 956,597 908,588 892,587 891,587 866,589 784,597 764,589 760,588 759,588 758,588 756,588 753,589 730,598 665,598 651,589 648,588 646,588 645,588 580,589 570,591 568,591 567,591 555,598 460,591 445,589 444,589 438,591 398,598 354,591 346,589 345,589 338,591 301,599 277,591 276,591 275,591 273,591 238,599 210,591 209,591 208,591 206,591 199,591 117,599 104,591 102,591 101,591 100,591 62,591 63,633"/>
        <Baseline points="63,633 1301,627"/>
        <TextEquiv>
          <Unicode>Organisation begriffen, und dass die Lehrkräfte und Lehrauf-</Unicode>
        </TextEquiv>
      </TextLine>
      <TextLine id="eSc_line_b358c043" >
        <Coords points="60,695 60,710 112,703 150,709 151,709 152,709 177,703 202,709 203,709 204,709 279,703 411,708 437,709 438,709 439,709 441,709 442,708 453,702 527,708 536,708 538,708 541,708 570,702 1302,702 1304,688 1299,647 1272,656 1168,649 1161,649 1160,649 1156,649 1101,657 1069,650 1062,649 1060,649 1059,649 1056,650 1036,657 1001,651 1000,651 933,657 904,651 888,649 887,649 885,649 879,652 869,658 838,658 814,652 798,650 797,650 796,650 787,653 772,658 755,653 743,650 742,650 741,650 740,650 727,653 712,658 697,653 686,650 684,650 683,650 623,654 604,656 585,654 487,650 486,650 484,650 458,657 448,659 438,657 418,651 417,651 293,651 292,651 290,651 269,658 267,660 227,660 224,659 209,651 208,651 206,651 205,651 171,659 125,651 124,651 123,651 105,660 59,660 60,695"/>
        <Baseline points="60,695 261,690 1304,688"/>
        <TextEquiv>
          <Unicode>gaben innerhalb der sich zunächst berührenden theologischen und</Unicode>
        </TextEquiv>
      </TextLine>
      <TextLine id="eSc_line_d6595c64" >
        <Coords points="57,751 57,763 308,770 309,770 354,764 681,769 682,769 683,769 704,763 745,769 746,769 747,769 761,763 781,769 782,769 784,769 868,763 881,769 882,769 883,769 884,769 901,763 1205,768 1206,768 1257,762 1286,768 1288,768 1289,768 1304,760 1304,748 1302,712 1257,706 1256,706 1225,712 1211,715 1205,712 1195,708 1194,708 1193,708 1192,708 1191,708 1183,712 1178,716 1134,716 1114,712 1060,706 1059,706 1058,706 1033,714 1025,715 997,714 889,706 888,706 887,706 866,714 861,717 817,717 812,715 804,709 803,709 801,709 800,709 799,709 786,715 781,717 689,717 684,715 663,708 662,708 661,708 622,715 615,716 600,715 508,708 507,708 282,717 261,717 257,717 218,709 217,709 216,709 185,717 184,717 180,717 92,709 91,709 89,709 56,717 57,751"/>
        <Baseline points="57,751 1304,748"/>
        <TextEquiv>
          <Unicode>Artistenfacultät nicht vollständig in das Gleichgewicht gebracht</Unicode>
        </TextEquiv>
      </TextLine>
      <TextLine id="eSc_line_99fa1604" >
        <Coords points="59,811 59,821 188,827 189,827 190,827 206,821 208,821 210,821 241,827 242,827 562,821 609,827 610,827 648,821 924,826 926,826 963,820 993,826 994,827 1148,827 1148,826 1303,818 1303,808 1299,779 1212,779 1208,779 1168,769 1167,769 1166,769 1149,779 1148,779 1147,779 1116,769 1115,769 1114,769 1056,779 1055,779 1053,779 1031,769 1030,769 969,769 968,769 967,769 932,779 908,770 907,770 906,770 866,779 700,769 699,769 697,769 669,779 651,770 650,770 649,770 573,777 502,770 501,770 500,770 470,781 395,781 376,770 374,770 373,770 331,779 292,770 290,770 289,770 272,780 100,775 99,775 57,781 59,811"/>
        <Baseline points="59,811 1303,808"/>
        <TextEquiv>
          <Unicode>waren, wesshalb eine dauernde Fixirung der Lehraufgaben an</Unicode>
        </TextEquiv>
      </TextLine>
      <TextLine id="eSc_line_199ca591" >
        <Coords points="57,870 57,884 306,883 314,883 363,889 364,889 365,889 366,889 376,883 379,881 422,883 532,886 533,886 565,881 578,880 585,881 604,887 605,887 606,887 646,881 656,880 658,881 670,887 671,887 672,889 772,889 772,887 773,887 774,887 785,880 787,880 807,880 948,886 949,886 981,880 987,879 993,880 1033,886 1034,886 1193,880 1278,886 1279,886 1280,886 1301,878 1301,866 1297,833 1215,837 1200,833 1167,825 1166,825 1165,825 1163,825 1142,833 1135,837 1129,833 1123,829 1122,829 1121,829 1120,829 1083,833 1062,826 1060,826 1059,826 1019,834 1013,835 1008,834 981,827 980,827 979,827 915,834 890,827 889,827 888,827 887,827 885,827 872,835 868,839 765,839 758,837 722,826 721,826 720,826 719,826 690,837 687,839 639,839 637,837 618,829 617,829 616,829 615,829 600,838 598,839 565,839 564,838 540,827 539,827 538,827 482,838 455,827 454,827 453,827 451,827 419,839 417,840 341,840 340,839 289,827 91,827 89,827 88,827 56,839 57,870"/>
        <Baseline points="57,870 1301,866"/>
        <TextEquiv>
          <Unicode>die Lehrstellen, wie wir sie später — durch die Studienord-</Unicode>
        </TextEquiv>
      </TextLine>
      <TextLine id="eSc_line_92e3167c" >
        <Coords points="59,930 59,941 152,948 153,948 154,948 156,948 166,941 169,941 318,941 319,941 366,948 367,948 369,948 393,941 567,946 568,946 617,939 618,939 619,939 677,946 678,946 753,938 760,938 766,938 812,945 813,946 984,946 984,945 1014,939 1200,944 1201,944 1202,944 1227,937 1228,937 1301,937 1302,925 1299,897 1227,897 1192,885 1191,885 1189,885 1188,885 1173,892 1136,886 1135,886 1134,886 1116,896 1088,887 1086,887 1085,887 1084,887 1060,897 976,897 969,897 908,886 907,886 906,886 890,892 876,887 875,887 874,887 872,887 871,887 857,897 855,898 777,898 774,897 758,886 756,886 755,886 681,886 680,886 678,886 642,897 635,898 628,897 599,887 598,887 597,887 596,887 581,894 419,889 418,889 417,889 400,897 396,898 380,897 324,889 322,889 237,894 225,889 224,889 223,889 186,897 170,899 57,897 59,930"/>
        <Baseline points="59,930 1302,925"/>
        <TextEquiv>
          <Unicode>nung von König Ferdinand a. 1525 — finden, noch nicht er-</Unicode>
        </TextEquiv>
      </TextLine>
      <TextLine id="eSc_line_67afb688" >
        <Coords points="59,991 59,1010 306,1001 341,1008 347,1008 348,1008 350,1008 351,1008 351,1007 360,1002 426,1007 456,1008 457,1008 458,1008 463,1006 474,1001 520,1006 552,1008 553,1008 583,1004 620,1000 643,1003 662,1007 663,1007 715,1003 756,1000 799,1002 874,1006 875,1006 876,1006 877,1006 885,1001 889,998 904,1001 943,1006 945,1006 946,1006 960,1000 963,998 994,1000 1122,1004 1123,1004 1124,1004 1148,997 1150,997 1156,997 1249,1004 1250,1004 1301,995 1301,985 1298,956 1091,946 1090,946 1050,956 1018,948 1017,948 1015,948 966,956 928,948 927,948 926,948 910,956 875,951 874,951 777,957 742,950 741,950 740,950 725,958 573,958 562,951 561,951 560,951 559,951 558,951 557,951 546,958 526,951 525,951 523,951 522,951 494,958 371,950 370,950 369,950 352,958 282,951 281,951 280,951 279,951 269,957 243,952 242,952 166,959 151,951 150,951 73,951 72,951 70,951 69,951 57,957 59,991"/>
        <Baseline points="59,991 1301,985"/>
        <TextEquiv>
          <Unicode>folgt zu sein scheint, so genau auch sonst die Facultätsstatuten</Unicode>
        </TextEquiv>
      </TextLine>
      <TextLine id="eSc_line_0dc6e669" >
        <Coords points="56,1049 56,1060 91,1067 92,1067 93,1067 109,1060 111,1060 164,1060 166,1060 177,1067 178,1067 179,1067 180,1067 227,1060 229,1060 230,1060 246,1068 247,1068 248,1068 249,1068 269,1061 326,1068 327,1068 376,1060 383,1059 391,1060 438,1066 439,1066 514,1059 525,1059 528,1059 557,1067 558,1067 559,1067 630,1060 683,1066 684,1066 715,1059 716,1059 725,1066 726,1066 727,1066 728,1067 773,1067 773,1066 774,1066 788,1059 803,1065 804,1065 805,1065 877,1060 916,1066 917,1066 960,1058 961,1046 959,1014 812,1003 811,1003 695,1013 654,1016 564,1016 557,1011 542,1004 541,1004 540,1004 430,1011 346,1016 260,1016 248,1010 235,1006 234,1006 233,1006 55,1009 56,1049"/>
        <Baseline points="56,1049 961,1046"/>
        <TextEquiv>
          <Unicode>die Vorlesungen und Übungen geregelt haben.</Unicode>
        </TextEquiv>
      </TextLine>
      <TextLine id="eSc_line_e736990e" >
        <Coords points="151,1110 151,1125 210,1118 243,1124 244,1124 393,1118 424,1124 425,1124 493,1118 539,1123 540,1123 541,1123 542,1123 553,1117 1295,1121 1297,1106 1295,1069 1225,1064 1224,1064 1222,1064 1209,1068 1200,1073 1150,1073 1122,1068 1091,1064 1090,1064 1089,1064 1078,1068 1069,1074 1032,1074 1020,1068 1008,1064 1007,1064 1006,1064 985,1068 963,1073 940,1068 915,1064 914,1064 856,1068 779,1074 767,1068 761,1065 760,1065 728,1065 727,1065 726,1065 719,1068 709,1073 642,1074 628,1067 622,1065 620,1065 558,1065 557,1065 483,1067 279,1075 255,1068 254,1068 253,1068 191,1074 150,1067 151,1110"/>
        <Baseline points="151,1110 1297,1106"/>
        <TextEquiv>
          <Unicode>Im Sommer 1484 ist Summenhart Rektor der Universität;</Unicode>
        </TextEquiv>
      </TextLine>
      <TextLine id="eSc_line_4942c6b5" >
        <Coords points="57,1168 57,1182 1264,1182 1264,1181 1297,1173 1298,1162 1296,1125 1205,1120 1204,1120 1202,1120 1201,1120 1193,1125 1185,1131 1033,1131 1005,1127 949,1121 948,1121 947,1121 932,1127 923,1131 906,1129 878,1124 877,1124 876,1124 864,1129 857,1131 838,1129 814,1126 813,1126 788,1130 766,1132 730,1130 630,1123 629,1123 628,1123 604,1131 600,1132 594,1131 568,1126 567,1126 544,1132 535,1133 528,1132 497,1124 496,1124 495,1124 399,1133 392,1133 387,1133 331,1124 329,1124 328,1124 294,1134 290,1134 288,1134 261,1127 260,1127 259,1127 204,1134 171,1125 170,1125 169,1125 167,1125 150,1134 107,1127 106,1127 56,1136 57,1168"/>
        <Baseline points="57,1168 1298,1162"/>
        <TextEquiv>
          <Unicode>um dieselbe Zeit wird sein Übertritt in die theologische Facul-</Unicode>
        </TextEquiv>
      </TextLine>
      <TextLine id="eSc_line_cdf152eb" >
        <Coords points="57,1228 57,1238 1298,1233 1299,1222 1296,1188 1120,1192 1096,1188 1089,1186 1088,1186 1086,1186 1081,1188 1060,1192 1039,1188 1020,1184 937,1184 936,1184 913,1188 882,1194 868,1189 856,1184 855,1184 853,1184 852,1184 843,1189 833,1194 767,1195 756,1189 752,1186 751,1186 749,1186 748,1186 742,1189 730,1194 717,1189 709,1185 708,1185 707,1185 706,1185 694,1189 674,1195 650,1189 633,1185 565,1185 564,1185 562,1185 549,1189 528,1196 480,1189 455,1186 454,1186 453,1186 444,1190 425,1196 399,1190 385,1186 384,1186 364,1190 329,1196 263,1190 234,1188 233,1188 231,1188 224,1190 203,1197 56,1191 57,1228"/>
        <Baseline points="57,1228 1299,1222"/>
        <TextEquiv>
          <Unicode>tät eingeleitet. Zu diesem Zweck bewarb er sich nun um die</Unicode>
        </TextEquiv>
      </TextLine>
      <TextLine id="eSc_line_e18b94ed" >
        <Coords points="56,1287 56,1300 235,1306 236,1306 264,1300 272,1299 309,1300 463,1305 464,1305 466,1305 479,1299 482,1298 529,1299 676,1303 677,1303 704,1298 715,1296 736,1298 786,1302 787,1302 933,1301 934,1301 946,1298 953,1295 960,1298 974,1301 975,1301 976,1301 995,1296 1005,1295 1018,1296 1047,1301 1049,1301 1299,1295 1301,1280 1298,1250 1257,1243 1256,1243 1201,1250 1199,1250 1195,1250 1128,1241 1127,1241 1082,1251 1077,1251 1069,1251 974,1242 973,1242 972,1242 954,1249 924,1244 923,1244 922,1244 907,1251 907,1253 784,1253 782,1253 771,1246 769,1246 768,1246 767,1246 766,1246 748,1250 703,1243 702,1243 701,1243 682,1254 670,1254 602,1254 599,1254 567,1244 566,1244 565,1244 518,1254 486,1244 484,1244 483,1244 482,1244 457,1255 455,1255 451,1255 404,1246 403,1246 402,1246 377,1253 322,1246 321,1246 320,1246 292,1255 251,1247 250,1247 179,1254 144,1247 143,1247 141,1247 109,1256 86,1247 85,1247 83,1247 82,1247 55,1255 56,1287"/>
        <Baseline points="56,1287 1301,1280"/>
        <TextEquiv>
          <Unicode>theologischen Grade, die ihm nach der umständlichen Weise der</Unicode>
        </TextEquiv>
      </TextLine>
      <TextLine id="eSc_line_059568dd" >
        <Coords points="56,1347 57,1369 86,1359 301,1366 302,1366 390,1358 430,1367 434,1367 435,1367 436,1367 438,1367 476,1357 538,1366 539,1366 586,1357 641,1361 642,1361 708,1356 740,1356 764,1365 765,1365 766,1365 894,1356 1004,1364 1005,1364 1062,1358 1088,1364 1089,1364 1090,1364 1091,1364 1140,1358 1298,1363 1301,1340 1297,1305 1077,1309 1059,1306 1047,1303 1046,1303 1032,1306 1014,1309 1002,1306 991,1302 989,1302 988,1302 949,1307 940,1307 934,1307 898,1301 897,1301 896,1301 879,1307 868,1311 840,1307 810,1303 809,1303 772,1308 745,1311 739,1308 727,1302 726,1302 725,1302 723,1302 712,1308 710,1308 708,1308 678,1302 677,1302 610,1308 577,1312 553,1309 508,1303 507,1303 506,1303 495,1309 489,1313 449,1313 438,1309 421,1305 419,1305 418,1305 379,1311 367,1312 360,1311 338,1305 337,1305 335,1305 334,1305 324,1311 319,1313 290,1311 227,1306 225,1306 193,1312 178,1314 149,1312 79,1306 78,1306 76,1306 55,1312 56,1347"/>
        <Baseline points="56,1347 1301,1340"/>
        <TextEquiv>
          <Unicode>Promotionen der damaligen Zeit in folgender Ordnung ertheilt</Unicode>
        </TextEquiv>
      </TextLine>
      <TextLine id="eSc_line_1bc6d347" >
        <Coords points="55,1408 55,1419 144,1418 150,1419 172,1425 173,1425 175,1425 216,1419 233,1417 356,1417 359,1418 373,1424 374,1424 376,1424 403,1418 412,1416 417,1418 429,1423 430,1423 431,1424 587,1424 587,1423 635,1417 654,1415 682,1416 754,1422 755,1422 797,1416 814,1413 826,1416 851,1421 852,1421 853,1421 875,1416 884,1413 894,1415 914,1419 915,1419 1298,1412 1299,1399 1296,1371 1112,1372 1110,1372 1089,1364 1088,1364 941,1363 940,1363 939,1363 900,1373 896,1374 825,1374 825,1373 803,1364 801,1364 762,1364 761,1364 760,1364 747,1370 689,1365 688,1365 687,1365 667,1374 665,1374 654,1374 602,1373 586,1365 585,1365 584,1365 583,1365 565,1374 549,1366 548,1366 547,1366 546,1366 519,1376 518,1376 501,1366 500,1366 499,1366 439,1372 409,1366 408,1366 406,1366 367,1377 364,1377 357,1377 267,1367 266,1367 264,1367 230,1378 227,1378 219,1378 151,1369 150,1369 149,1369 128,1377 102,1372 101,1372 54,1378 55,1408"/>
        <Baseline points="55,1408 1299,1399"/>
        <TextEquiv>
          <Unicode>wurden. Der mit principiare bezeichnete Akt, d. h. eine vor-</Unicode>
        </TextEquiv>
      </TextLine>
      <TextLine id="eSc_line_f8353fd8" >
        <Coords points="53,1470 53,1484 91,1476 218,1481 219,1481 416,1475 428,1481 430,1482 431,1482 432,1483 476,1483 476,1482 492,1481 557,1474 617,1480 623,1480 624,1480 633,1480 720,1473 788,1478 816,1480 817,1480 1007,1477 1008,1477 1010,1477 1011,1476 1019,1471 1037,1476 1049,1478 1050,1478 1051,1478 1301,1473 1302,1460 1298,1423 1127,1425 1114,1424 1078,1418 1077,1418 1076,1418 1064,1424 1058,1426 1049,1424 1033,1421 1032,1421 1031,1421 1030,1421 1029,1421 1023,1424 1018,1428 901,1428 895,1425 885,1422 884,1422 883,1422 882,1422 874,1425 869,1428 861,1425 842,1421 840,1421 839,1421 816,1426 806,1428 785,1426 703,1419 702,1419 701,1419 681,1426 675,1429 669,1428 648,1421 646,1421 645,1421 644,1421 624,1428 618,1430 559,1430 554,1428 527,1421 526,1421 525,1421 454,1429 439,1430 437,1429 424,1423 423,1423 422,1423 421,1423 403,1429 399,1429 289,1422 288,1422 287,1422 267,1430 263,1431 249,1430 172,1423 171,1423 52,1431 53,1470"/>
        <Baseline points="53,1470 345,1463 1302,1460"/>
        <TextEquiv>
          <Unicode>geschriebene Vorlesung über die h. Schrift (cursus biblicus) fand</Unicode>
        </TextEquiv>
      </TextLine>
      <TextLine id="eSc_line_00223b03" >
        <Coords points="53,1525 53,1534 113,1541 114,1541 165,1534 171,1534 176,1534 217,1541 218,1541 219,1541 234,1534 235,1534 236,1534 261,1541 262,1541 263,1541 295,1534 303,1533 312,1534 338,1539 339,1539 406,1534 426,1533 435,1534 467,1540 468,1540 503,1534 510,1533 515,1534 535,1540 536,1540 538,1540 615,1539 616,1539 626,1534 630,1532 641,1534 670,1539 671,1539 754,1533 800,1530 817,1533 843,1538 844,1538 1298,1532 1299,1519 1297,1491 1212,1491 1199,1484 1198,1484 1196,1484 1195,1484 1176,1491 1159,1491 1015,1491 1012,1491 991,1486 989,1486 988,1486 915,1491 907,1491 906,1491 885,1482 884,1482 843,1482 842,1482 840,1482 812,1491 810,1491 807,1491 764,1483 762,1483 761,1483 746,1491 743,1493 736,1491 695,1483 694,1483 637,1491 626,1493 619,1491 580,1483 579,1483 477,1487 476,1487 466,1491 460,1494 448,1491 412,1484 335,1484 334,1484 333,1484 319,1491 315,1494 307,1491 285,1486 283,1486 282,1486 281,1486 257,1491 243,1495 227,1491 195,1486 193,1486 52,1491 53,1525"/>
        <Baseline points="53,1525 1299,1519"/>
        <TextEquiv>
          <Unicode>statt im J. 1484 am Tage des h. Chrysostomus; erst am</Unicode>
        </TextEquiv>
      </TextLine>
      <TextLine id="eSc_line_422a5db1" >
        <Coords points="53,1585 53,1598 132,1597 138,1598 156,1604 157,1604 158,1604 159,1604 160,1604 170,1598 173,1596 261,1596 316,1598 439,1603 441,1603 467,1597 480,1594 612,1594 624,1597 651,1601 652,1601 717,1596 753,1593 778,1596 817,1600 818,1600 866,1596 902,1592 924,1596 950,1599 952,1599 1298,1593 1299,1578 1298,1545 1282,1539 1280,1539 1279,1539 1205,1545 1187,1546 1185,1545 1169,1538 1168,1538 1167,1538 1065,1546 1040,1547 1018,1546 917,1538 916,1538 823,1539 822,1539 791,1547 784,1548 767,1547 684,1539 683,1539 682,1539 662,1547 656,1549 628,1547 531,1540 529,1540 528,1540 508,1548 505,1549 494,1548 442,1541 441,1541 374,1548 357,1551 348,1549 318,1541 316,1541 261,1541 260,1541 259,1541 241,1549 235,1552 215,1549 154,1542 153,1542 106,1551 94,1552 89,1551 73,1542 72,1542 70,1542 69,1542 52,1549 53,1585"/>
        <Baseline points="53,1585 1299,1578"/>
        <TextEquiv>
          <Unicode>8. Febr. 1487 erfolgte die ebenfalls obligate Vorlesung über die</Unicode>
        </TextEquiv>
      </TextLine>
      <TextLine id="eSc_line_f3296794" >
        <Coords points="54,1644 54,1653 196,1659 197,1659 335,1653 360,1652 377,1652 460,1658 461,1658 502,1652 506,1652 509,1652 545,1658 546,1658 577,1652 579,1652 589,1652 751,1657 752,1657 1301,1649 1302,1638 1298,1598 1186,1603 1174,1599 1168,1597 1167,1597 1166,1597 1165,1597 1155,1599 1128,1607 1073,1607 1059,1600 1053,1598 1052,1598 1051,1598 1050,1598 1042,1600 1020,1607 1000,1601 989,1598 988,1598 942,1598 941,1598 940,1598 933,1601 923,1607 830,1607 820,1603 809,1598 807,1598 806,1598 805,1598 790,1604 774,1610 700,1610 691,1605 683,1600 682,1600 681,1600 680,1600 667,1605 656,1609 620,1605 553,1599 552,1599 509,1606 496,1609 476,1607 399,1600 398,1600 316,1606 305,1600 303,1600 302,1600 301,1600 272,1610 266,1611 237,1610 70,1601 69,1601 68,1601 67,1601 53,1609 54,1644"/>
        <Baseline points="54,1644 1302,1638"/>
        <TextEquiv>
          <Unicode>Sentenzen des Petrus Lombardus, über welche der Candidat</Unicode>
        </TextEquiv>
      </TextLine>
      <TextLine id="eSc_line_d8b58fb1" >
        <Coords points="49,1704 49,1723 83,1716 219,1722 238,1722 240,1722 246,1722 280,1715 373,1720 396,1721 397,1721 424,1720 509,1714 572,1717 605,1720 606,1720 607,1720 613,1717 623,1714 736,1716 866,1718 868,1718 1086,1717 1131,1711 1144,1710 1166,1711 1253,1716 1254,1716 1298,1709 1299,1697 1296,1662 1253,1666 1245,1662 1238,1658 1237,1658 1185,1658 1183,1658 1159,1663 1137,1666 1125,1663 1115,1659 1114,1659 1112,1659 1086,1663 1057,1668 1033,1664 1007,1659 1006,1659 959,1664 928,1668 915,1665 890,1659 889,1659 888,1659 874,1665 864,1669 837,1665 794,1661 793,1661 792,1661 781,1666 775,1670 740,1670 726,1666 693,1661 691,1661 690,1661 677,1668 674,1669 667,1668 645,1662 644,1662 643,1662 593,1668 576,1670 572,1668 560,1662 559,1662 527,1662 526,1662 477,1669 461,1671 416,1670 256,1663 255,1663 205,1671 198,1672 185,1672 70,1664 69,1664 68,1664 48,1671 49,1704"/>
        <Baseline points="49,1704 1299,1697"/>
        <TextEquiv>
          <Unicode>fortan »pro forma« zu lesen hatte. Die Ertheilung der Licen-</Unicode>
        </TextEquiv>
      </TextLine>
      <TextLine id="eSc_line_18b3c7ef" >
        <Coords points="48,1761 48,1772 106,1780 107,1780 108,1780 124,1773 126,1773 227,1780 228,1780 229,1780 256,1773 263,1772 324,1773 425,1776 426,1776 466,1774 513,1770 522,1774 533,1779 534,1779 535,1779 564,1774 573,1773 580,1774 597,1779 598,1779 599,1779 600,1779 610,1774 618,1770 636,1774 651,1778 652,1778 681,1775 719,1770 809,1775 881,1779 882,1779 883,1779 891,1775 901,1770 987,1769 1019,1776 1029,1778 1030,1778 1073,1776 1208,1770 1232,1776 1235,1778 1237,1778 1238,1778 1299,1776 1301,1757 1297,1717 1240,1724 1202,1717 1199,1717 1198,1717 1196,1717 1195,1717 1169,1726 1146,1718 1144,1718 1143,1718 1142,1718 1124,1727 1075,1727 1052,1718 1049,1717 1047,1717 1046,1717 1037,1718 1001,1724 960,1718 943,1717 942,1717 941,1717 935,1720 917,1726 855,1720 837,1718 836,1718 835,1718 830,1720 811,1727 784,1720 779,1720 778,1720 777,1720 775,1720 762,1727 702,1721 699,1721 697,1721 696,1721 678,1727 663,1721 656,1718 655,1718 654,1718 637,1721 604,1727 573,1722 554,1718 553,1718 552,1718 542,1722 527,1727 499,1722 475,1718 474,1718 473,1718 471,1718 467,1722 457,1728 434,1722 419,1720 418,1720 402,1723 376,1729 270,1729 261,1723 257,1722 256,1722 255,1722 254,1722 249,1723 237,1728 228,1724 219,1720 218,1720 133,1720 132,1720 131,1720 121,1724 115,1728 109,1724 100,1720 99,1720 98,1720 47,1724 48,1761"/>
        <Baseline points="48,1761 1301,1757"/>
        <TextEquiv>
          <Unicode>tia erfolgte am 12. October, und am folgenden Tag fand der</Unicode>
        </TextEquiv>
      </TextLine>
      <TextLine id="eSc_line_2a361c52" >
        <Coords points="47,1822 47,1839 117,1833 320,1837 384,1838 385,1838 398,1837 428,1832 444,1835 453,1838 454,1838 455,1839 554,1839 554,1838 555,1838 561,1834 566,1832 571,1834 576,1838 577,1838 578,1838 579,1839 663,1839 663,1838 701,1833 726,1831 792,1833 927,1837 928,1837 929,1837 940,1831 941,1831 960,1831 1092,1835 1094,1835 1213,1830 1253,1835 1254,1835 1299,1827 1299,1818 1296,1787 1239,1787 1237,1787 1207,1776 1206,1776 1205,1776 1204,1776 1185,1787 1182,1788 1121,1788 1120,1787 1102,1778 1101,1778 1099,1778 1069,1783 992,1781 991,1781 989,1781 974,1787 971,1789 932,1789 928,1787 902,1779 901,1779 900,1779 842,1787 823,1778 822,1778 768,1778 767,1778 766,1778 729,1787 699,1778 697,1778 696,1778 695,1778 672,1788 669,1789 667,1788 646,1780 645,1780 644,1780 587,1788 578,1791 493,1791 490,1789 467,1780 466,1780 464,1780 384,1789 378,1789 376,1789 350,1780 348,1780 261,1780 260,1780 259,1780 223,1789 202,1780 201,1780 199,1780 127,1788 79,1780 78,1780 76,1780 46,1789 47,1822"/>
        <Baseline points="47,1822 1299,1818"/>
        <TextEquiv>
          <Unicode>feierliche Schlussact (vesperiæ) der Promotion statt, eine solenne</Unicode>
        </TextEquiv>
      </TextLine>
      <TextLine id="eSc_line_6242ae19" >
        <Coords points="49,1879 49,1898 91,1891 106,1897 107,1897 108,1897 188,1891 307,1896 334,1897 335,1897 356,1896 426,1890 651,1890 659,1893 667,1896 668,1896 669,1896 695,1892 725,1889 817,1891 928,1895 929,1895 1045,1889 1066,1889 1085,1889 1232,1893 1233,1893 1234,1893 1250,1888 1267,1893 1269,1893 1270,1893 1271,1893 1298,1886 1298,1875 1296,1844 1244,1835 1243,1835 1199,1843 1198,1843 1196,1843 1123,1837 1122,1837 1077,1843 1075,1843 1068,1843 930,1837 929,1837 888,1843 875,1844 850,1843 786,1838 785,1838 734,1843 712,1844 706,1843 689,1837 688,1837 687,1837 686,1837 668,1843 661,1844 650,1841 626,1838 625,1838 624,1838 616,1841 610,1845 591,1841 567,1838 462,1838 461,1838 460,1838 448,1841 437,1845 403,1841 366,1838 365,1838 345,1841 319,1846 48,1841 49,1879"/>
        <Baseline points="49,1879 1298,1875"/>
        <TextEquiv>
          <Unicode>Disputation, welche der Candidat mit drei Doktoren seiner Fa-</Unicode>
        </TextEquiv>
      </TextLine>
      <TextLine id="eSc_line_1b652c4f" >
        <Coords points="47,1940 47,1949 156,1949 160,1950 177,1956 178,1956 179,1956 218,1950 231,1949 249,1950 303,1956 305,1956 377,1951 411,1949 447,1951 508,1956 509,1956 538,1951 559,1949 599,1953 649,1956 650,1956 651,1956 665,1953 686,1948 741,1953 768,1955 769,1955 784,1953 816,1948 833,1954 839,1955 840,1955 842,1956 1025,1956 1025,1955 1033,1954 1081,1948 1112,1955 1116,1955 1117,1956 1244,1956 1244,1955 1245,1955 1265,1949 1295,1955 1297,1937 1295,1903 1111,1897 1110,1897 1109,1897 1097,1903 1092,1906 1039,1906 1030,1904 1001,1897 1000,1897 999,1897 986,1903 924,1898 923,1898 837,1904 820,1905 814,1904 777,1897 775,1897 774,1897 743,1905 740,1905 732,1905 649,1898 648,1898 604,1905 603,1905 568,1898 567,1898 566,1898 552,1905 549,1908 508,1908 501,1906 437,1898 436,1898 382,1906 380,1906 360,1898 359,1898 358,1898 270,1904 244,1898 243,1898 242,1898 241,1898 215,1906 107,1899 106,1899 46,1908 47,1940"/>
        <Baseline points="47,1940 1297,1937"/>
        <TextEquiv>
          <Unicode>cultät zu bestehen hatte. In die »aula magistralis« eingeführt,</Unicode>
        </TextEquiv>
      </TextLine>
      <TextLine id="eSc_line_67eedfd9" >
        <Coords points="47,1999 47,2015 564,2009 592,2012 632,2015 633,2015 664,2010 687,2008 697,2010 709,2014 710,2014 712,2014 742,2010 765,2008 786,2010 823,2014 824,2014 865,2009 881,2008 887,2009 901,2014 902,2014 903,2014 1160,2013 1189,2007 1193,2007 1199,2007 1266,2013 1267,2013 1297,2006 1298,1994 1296,1966 1173,1966 1172,1964 1154,1958 1153,1958 1152,1958 1116,1964 1115,1964 1114,1964 1094,1956 1092,1956 1091,1956 1090,1956 1064,1964 1062,1964 1060,1964 1023,1954 1021,1954 1020,1954 926,1955 872,1963 861,1966 851,1963 826,1957 825,1957 824,1957 823,1957 809,1963 803,1966 797,1963 769,1955 768,1955 767,1955 766,1955 765,1955 751,1963 747,1966 735,1963 694,1955 693,1955 691,1955 664,1963 651,1967 606,1963 527,1956 526,1956 495,1963 475,1967 438,1962 383,1956 382,1956 286,1957 285,1957 275,1962 263,1969 158,1969 143,1962 132,1957 131,1957 130,1957 46,1961 47,1999"/>
        <Baseline points="47,1999 1298,1994"/>
        <TextEquiv>
          <Unicode>d. h. zum Doktor promovirt und mit den Doktorinsignien aus-</Unicode>
        </TextEquiv>
      </TextLine>
      <TextLine id="eSc_line_73941e75" >
        <Coords points="47,2061 47,2083 89,2073 469,2078 637,2079 638,2079 661,2075 671,2073 693,2074 735,2078 736,2078 738,2078 752,2073 767,2070 805,2073 856,2078 857,2078 858,2078 878,2072 892,2068 910,2072 939,2077 940,2077 941,2077 956,2071 963,2068 1037,2070 1249,2075 1250,2075 1293,2066 1295,2054 1292,2023 1251,2015 1250,2015 1249,2015 1227,2023 1157,2023 1089,2015 1088,2015 1008,2023 939,2016 937,2016 936,2016 917,2023 878,2016 877,2016 830,2023 680,2020 678,2020 626,2027 549,2027 536,2019 535,2019 534,2019 533,2019 489,2026 80,2021 79,2021 78,2021 46,2029 47,2061"/>
        <Baseline points="47,2061 1295,2054"/>
        <TextEquiv>
          <Unicode>gestattet wurde Summenhart erst am 13. October 1489, am glei-</Unicode>
        </TextEquiv>
      </TextLine>
    </TextRegion>
    <TextRegion id="eSc_textblock_d0dab974"  >
      <Coords points="787,55 741,50 702,79 585,55 594,37 684,28 778,42 787,55"/>
      <TextLine id="eSc_line_31fe7f24" >
        <Coords points="782,54 764,53 746,51 729,56 716,39 663,31 661,31 659,31 658,31 656,31 640,63 622,63 604,60 587,56 589,67 589,79 665,72 690,81 693,83 695,83 697,83 699,83 700,83 714,72 729,83 730,83 732,83 734,85 793,85 794,65 787,37 784,37 782,54"/>
        <Baseline points="590,68 795,66"/>
        <TextEquiv>
          <Unicode>— 4 —</Unicode>
        </TextEquiv>
      </TextLine>
    </TextRegion>
  </Page>
</PcGts>
