1349 1966
48 134 1293 193 chen Tage mit Wendelin Steinbach, dem vertrauten Schü-
48 190 1292 252 ler Gabriel Biels, Professor der Theologie und Beichtvater des
50 251 1294 313 Grafen Eberhard, welcher denn auch der Promotion anwohnte
48 310 910 370 und die Kosten derselben auf sich nahm ⁸).
139 369 1293 431 Auch nach dem Eintritt in die theologische Facultät be-
48 428 1295 486 schränkte Summenhart seine Thätigkeit nicht auf diejenigen Lehr-
46 488 1296 549 fächer, welche sonst die Aufgabe der Professoren der Theologie bilde-
46 548 1297 610 ten, nemlich die Erklärung der heil. Schriften des alten und neuen
54 607 1294 665 Testaments und der Sentenzen des Petrus Lombardus (dogmatische
56 666 1293 730 Theologie); wir finden ihn vielmehr auf einem Felde thätig, wel-
49 727 1295 787 ches nach damaliger Ordnung zwischen den Philosophen und Ju-
48 786 1297 844 risten (Kanonisten) getheilt war; gerade diejenige unter seinen
48 844 1295 907 Schriften, welche seinen Namen vorzugsweise auf die Nachwelt ge-
46 901 1295 964 bracht hat, sein Werk »über die Verträge« mit Einschluss der
49 965 1298 1021 kleineren Abhandlung »über den Zehnten«, greift einestheils in
46 1021 1297 1084 die Moralphilosophie (Naturrecht), anderntheils in das kanoni-
48 1081 1299 1145 sche Recht ein, obgleich allerdings auch die Theologen der
49 1141 1297 1201 scholastischen Zeit sich ihr Anrecht auf diese Materien der
53 1202 1297 1261 »theologia moralis« vorbehielten. Summenhart hatte sich aber
50 1260 1295 1321 auch in der That von der Artistenfacultät nicht ganz abgelöst;
46 1319 1293 1380 er erscheint noch 1488 als Decan der Artisten und schreibt sich
46 1380 1296 1440 noch 1500 »professor artium«. Das Rektorat der Universität
46 1436 787 1498 bekleidete er 1484, 1491, 1496, 1500.
137 1497 1298 1561 Seiner vielseitigen und besonders literarisch fruchtbaren
56 1557 1296 1613 Thätigkeit wurde Summenhart durch einen frühen Tod entris-
48 1615 1291 1676 sen; er starb an der Pest im Kloster Schuttern bei Offenburg
48 1677 1300 1737 und wurde auch daselbst vor dem Chor der Kirche begraben
45 1733 1295 1794 am 20. October 1502 ⁹). Der berühmte Humanist und Dichter
49 1794 1298 1856 Heinrich Bebel aus Justingen verherrlicht seinen Freund
50 1854 1015 1926 Summenhart in einem prächtigen Epitaphium ¹⁰).
563 39 773 96 — 5 —
