<?xml version="1.0" encoding="UTF-8"  standalone="yes"?>
<PcGts xmlns="http://schema.primaresearch.org/PAGE/gts/pagecontent/2019-07-15" xmlns:xsi="http://www.w3.org/2001/XMLSchema-instance" xsi:schemaLocation="http://schema.primaresearch.org/PAGE/gts/pagecontent/2019-07-15 http://schema.primaresearch.org/PAGE/gts/pagecontent/2019-07-15/pagecontent.xsd">
  <Metadata externalRef="http://idb.ub.uni-tuebingen.de/opendigi/image/linsenmann1877/linsenmann1877_00008.jp2/full/full/0/default.jpg">
	<Creator>escriptorium</Creator>
	<Created>2022-08-08T14:13:21.080872+00:00</Created>
        <LastChange>2022-08-08T14:13:21.080888+00:00</LastChange>
  </Metadata>
  <Page imageFilename="linsenmann1877_00008.jpg" imageWidth="1366" imageHeight="2191">
    <TextRegion id="eSc_textblock_3c484a79"  >
      <Coords points="1327,1416 1317,2092 1050,2141 1039,2121 966,2111 77,2102 58,2082 48,155 73,136 560,131 1307,141 1327,1416"/>
      <TextLine id="eSc_line_0bba5c9d" >
        <Coords points="1283,139 1271,139 1258,139 1246,139 1234,139 1222,139 1210,138 1197,138 1185,138 1173,138 1172,139 995,139 994,139 988,136 978,136 966,136 954,136 942,136 930,135 917,135 905,135 903,135 885,141 883,141 881,141 815,133 808,133 796,133 784,133 771,133 768,133 748,139 708,132 707,132 652,142 639,133 637,133 636,133 592,131 591,131 590,131 589,131 568,143 567,144 524,144 427,144 382,133 381,133 334,144 301,133 300,133 297,133 284,133 272,133 260,133 253,133 252,133 250,133 222,142 206,135 205,135 187,135 175,135 163,135 150,135 138,135 127,135 126,135 54,147 53,149 54,180 54,194 120,188 215,193 224,193 225,193 228,193 259,187 359,192 374,192 376,192 377,192 379,192 402,186 532,189 574,191 575,191 1295,181 1296,167 1294,139 1283,139"/>
        <Baseline points="54,180 185,175 1296,167"/>
        <TextEquiv>
          <Unicode>geschichtlichen Ereignisse, keine besonderen Missionen im kirch-</Unicode>
        </TextEquiv>
      </TextLine>
      <TextLine id="eSc_line_359991b3" >
        <Coords points="52,237 52,249 174,255 175,255 220,249 233,248 255,249 321,254 322,254 323,254 337,249 343,247 362,249 396,253 398,253 437,249 467,245 1294,245 1296,226 1294,197 1257,191 1256,191 1098,197 1071,188 1070,188 1068,188 1029,197 975,188 973,188 930,197 917,189 916,189 915,189 757,189 756,189 754,189 753,189 737,200 678,193 676,193 579,200 561,192 560,192 523,192 522,192 521,192 496,202 468,192 467,192 466,192 418,198 321,195 320,195 318,195 287,205 253,205 231,194 230,194 228,194 149,204 133,195 132,195 131,195 130,195 103,203 70,195 69,195 68,195 66,195 51,204 52,237"/>
        <Baseline points="52,237 1296,226"/>
        <TextEquiv>
          <Unicode>lichen oder staatlichen Dienst aus der Studierstube herausgeris-</Unicode>
        </TextEquiv>
      </TextLine>
      <TextLine id="eSc_line_2d3d3048" >
        <Coords points="53,297 53,309 120,315 121,315 122,315 133,309 138,306 149,309 166,312 168,312 192,309 214,305 236,309 267,314 269,314 270,314 280,309 286,305 309,307 343,312 344,312 345,312 362,307 379,304 438,307 517,312 518,312 550,306 575,303 603,306 636,311 637,311 639,311 657,306 676,301 696,306 713,310 714,310 741,306 769,301 787,306 803,310 804,310 805,310 807,310 818,305 831,300 841,305 843,306 844,306 846,306 854,305 889,300 904,305 915,309 916,309 917,309 939,305 960,301 1025,305 1085,307 1087,307 1088,307 1089,307 1094,304 1100,301 1176,304 1191,304 1193,304 1194,304 1195,304 1210,298 1297,303 1300,287 1296,249 1229,256 1207,250 1201,248 1200,248 1199,248 1185,250 1156,256 1131,251 1121,249 1120,249 1100,251 1056,258 1043,253 1036,249 1034,249 1033,249 831,250 830,250 816,255 804,261 674,261 667,258 657,253 656,253 654,253 653,253 640,258 634,260 626,259 603,253 602,253 601,253 600,253 586,259 581,261 568,259 532,253 530,253 432,255 430,255 412,261 407,262 398,261 340,255 339,255 338,255 322,262 320,264 282,264 114,260 113,260 52,266 53,297"/>
        <Baseline points="53,297 1300,287"/>
        <TextEquiv>
          <Unicode>sen, er war ein sesshafter Lehrer, wohl befriedigt durch die</Unicode>
        </TextEquiv>
      </TextLine>
      <TextLine id="eSc_line_ec0b294a" >
        <Coords points="58,356 58,367 177,373 178,373 290,366 334,363 456,363 460,365 467,370 468,370 469,370 471,370 517,365 535,362 545,363 573,370 574,370 575,370 589,363 592,362 657,363 883,367 885,367 886,367 908,361 919,359 932,361 961,366 963,367 1004,367 1004,366 1005,366 1016,360 1022,357 1044,360 1073,363 1075,363 1076,363 1085,360 1092,357 1096,360 1107,365 1109,365 1110,365 1297,357 1299,345 1296,316 1148,307 1146,307 1145,307 1128,316 1127,317 983,317 982,317 969,309 967,309 966,309 965,309 925,317 843,309 842,309 803,317 747,309 746,309 745,309 711,320 708,320 704,320 656,310 654,310 653,310 635,320 609,320 567,321 557,321 476,311 474,311 430,312 429,312 406,321 404,322 383,322 227,314 226,314 225,314 197,323 191,324 185,323 157,315 155,315 68,315 66,315 65,315 64,315 57,320 58,356"/>
        <Baseline points="58,356 1299,345"/>
        <TextEquiv>
          <Unicode>Obliegenheiten und Ehren seines Berufes, dem er überdiess</Unicode>
        </TextEquiv>
      </TextLine>
      <TextLine id="eSc_line_f97a098b" >
        <Coords points="54,413 54,433 289,430 290,430 292,430 304,423 407,429 427,430 428,430 429,430 430,430 432,429 441,424 523,428 547,429 549,429 550,429 551,429 552,428 563,422 590,428 600,429 601,429 630,427 713,421 732,426 735,427 736,427 737,427 745,426 774,421 785,426 791,428 792,428 793,428 813,426 837,422 858,424 881,428 882,428 883,428 894,424 911,419 941,424 960,427 961,427 999,423 1040,419 1082,422 1126,426 1127,426 1297,419 1299,406 1296,377 1092,367 1090,367 1026,368 1025,368 999,377 963,368 961,368 960,368 935,377 842,371 841,371 781,378 697,370 696,370 695,370 665,379 620,371 619,371 581,379 553,371 552,371 469,371 468,371 467,371 445,380 334,372 333,372 284,380 262,372 261,372 260,372 259,372 258,372 243,383 149,383 96,373 94,373 53,383 54,413"/>
        <Baseline points="54,413 1299,406"/>
        <TextEquiv>
          <Unicode>schon in der besten Kraft des Mannesalters durch den Tod ent-</Unicode>
        </TextEquiv>
      </TextLine>
      <TextLine id="eSc_line_597fe6e0" >
        <Coords points="56,474 56,490 337,482 337,472 334,444 249,433 248,433 194,444 192,444 174,444 115,444 82,434 81,434 80,434 79,434 54,443 56,474"/>
        <Baseline points="56,474 337,472"/>
        <TextEquiv>
          <Unicode>rissen wurde.</Unicode>
        </TextEquiv>
      </TextLine>
      <TextLine id="eSc_line_285d0d3c" >
        <Coords points="148,534 148,544 325,550 326,550 383,544 385,544 389,544 530,548 532,548 533,548 550,542 551,542 564,542 683,547 684,547 719,542 726,541 759,541 915,546 916,546 1303,539 1303,527 1301,495 1260,485 1258,485 1217,494 1195,485 1194,485 1193,485 1138,492 1117,485 1116,485 1115,485 1113,485 1112,485 1101,494 1099,495 1087,494 1015,486 1014,486 955,494 952,494 949,494 920,486 919,486 917,486 916,486 894,494 888,495 875,494 827,488 826,488 825,488 824,488 815,494 810,496 771,494 728,490 726,490 725,490 714,494 700,497 624,492 608,492 607,492 596,492 529,499 504,492 490,490 489,490 488,490 482,492 468,500 428,500 417,492 415,490 413,490 412,490 411,490 297,491 295,491 293,492 278,500 147,492 148,534"/>
        <Baseline points="148,534 1303,527"/>
        <TextEquiv>
          <Unicode>Konrad Summenhart stammt aus der altwürttembergischen</Unicode>
        </TextEquiv>
      </TextLine>
      <TextLine id="eSc_line_81b85b32" >
        <Coords points="57,595 57,615 143,606 170,614 171,614 172,614 174,614 175,614 176,614 213,604 275,611 276,611 277,611 294,603 535,602 557,608 566,611 567,611 568,612 641,612 641,611 642,611 658,607 679,601 697,606 709,609 711,609 712,609 713,609 730,606 745,602 770,604 814,609 815,609 877,603 881,603 887,603 1070,607 1071,607 1072,607 1093,601 1196,606 1197,606 1199,606 1200,606 1212,597 1213,597 1222,597 1281,603 1283,603 1284,603 1302,596 1302,585 1299,544 1246,548 1235,544 1233,542 1232,542 1230,542 1229,542 1225,544 1206,551 1177,544 1173,544 1172,544 1167,544 1126,552 1109,545 1106,544 1105,544 1104,544 1103,544 1100,545 1085,553 989,553 959,545 956,545 955,545 954,545 949,545 915,553 855,548 854,548 809,555 743,547 742,547 741,547 740,547 678,555 646,547 642,547 641,547 640,547 639,547 618,553 437,548 399,548 398,548 389,550 332,559 281,559 260,550 259,550 258,550 256,550 144,551 143,551 142,551 126,558 56,552 57,595"/>
        <Baseline points="57,595 1302,585"/>
        <TextEquiv>
          <Unicode>Stadt Calw. Sein Geburtsjahr lässt sich nicht angeben ⁵). Er</Unicode>
        </TextEquiv>
      </TextLine>
      <TextLine id="eSc_line_0f8b0308" >
        <Coords points="56,653 56,664 188,670 189,670 250,663 258,663 277,663 445,668 446,668 448,668 449,668 458,662 460,662 493,667 494,667 561,660 568,660 574,660 622,667 623,667 748,659 757,659 762,659 825,665 826,665 827,665 842,659 916,664 917,664 919,664 920,664 930,658 931,658 987,664 988,664 1051,658 1128,663 1129,663 1162,656 1166,656 1177,656 1271,662 1272,662 1273,662 1300,654 1300,643 1297,611 1229,604 1228,604 1227,604 1206,611 1205,611 1204,611 1168,601 1167,601 1166,601 1165,601 1141,611 1139,613 1003,613 1003,612 989,606 988,606 987,606 986,606 984,606 976,612 973,614 905,614 902,613 861,603 860,603 859,603 831,612 782,604 781,604 780,604 762,614 760,614 754,614 691,604 690,604 689,604 687,604 672,614 669,615 664,614 635,607 634,607 633,607 631,607 614,614 612,615 606,614 572,609 570,609 479,615 457,617 455,615 435,607 434,607 366,607 365,607 277,615 234,608 233,608 54,618 56,653"/>
        <Baseline points="56,653 1300,643"/>
        <TextEquiv>
          <Unicode>studierte in Paris ⁶), wurde daselbst 1476 Baccalarius und kehrte</Unicode>
        </TextEquiv>
      </TextLine>
      <TextLine id="eSc_line_185c3add" >
        <Coords points="57,710 57,723 331,727 332,727 432,721 434,721 435,721 466,727 467,727 468,727 469,727 480,720 483,720 507,720 668,726 669,726 725,720 872,725 874,725 949,718 956,718 961,718 998,724 999,724 1000,724 1015,718 1027,718 1213,723 1215,723 1302,715 1303,703 1301,671 1233,665 1232,665 1180,671 1171,673 1166,671 1135,665 1134,665 1101,673 1093,674 1078,673 1023,667 1022,667 1021,667 1020,667 1009,673 1006,675 868,675 863,674 841,669 840,669 838,669 735,675 732,675 723,669 721,669 720,669 719,669 639,676 633,676 620,669 619,669 618,669 617,669 575,675 521,669 519,669 518,669 499,676 451,671 450,671 389,677 372,670 371,670 265,670 264,670 262,670 236,679 219,671 217,671 216,671 187,677 75,671 74,671 73,671 56,679 57,710"/>
        <Baseline points="57,710 1303,703"/>
        <TextEquiv>
          <Unicode>1178 als Magister in die Heimat zurück, wo er in demselben</Unicode>
        </TextEquiv>
      </TextLine>
      <TextLine id="eSc_line_83b78020" >
        <Coords points="57,774 58,793 102,782 126,789 127,789 129,789 182,780 322,780 372,789 373,789 374,789 409,780 613,787 614,787 700,776 820,783 821,783 866,775 908,783 909,783 910,783 924,777 1049,783 1050,783 1079,777 1156,781 1157,781 1159,781 1177,772 1195,781 1196,781 1197,782 1301,782 1302,761 1299,726 1184,729 1174,726 1162,723 1161,723 1160,723 1159,723 1150,726 1141,730 1128,726 1118,724 1117,724 1116,724 1115,724 1109,726 1101,730 1066,726 1047,725 1045,725 1021,726 969,731 936,727 899,723 898,723 897,723 896,723 888,727 880,732 833,727 808,725 807,725 805,725 804,725 801,727 791,733 711,727 696,727 695,727 690,727 661,735 631,729 616,725 614,725 613,725 601,729 586,732 570,729 556,725 555,725 553,725 552,725 542,729 523,736 484,729 468,726 467,726 466,726 456,729 427,737 334,730 306,727 305,727 280,730 180,740 135,730 131,730 130,730 56,730 57,774"/>
        <Baseline points="57,774 1302,761"/>
        <TextEquiv>
          <Unicode>Jahr in Tübingen als Professor in der Artistenfacultät ange-</Unicode>
        </TextEquiv>
      </TextLine>
      <TextLine id="eSc_line_427a21c4" >
        <Coords points="56,832 56,854 213,843 260,843 276,850 277,852 278,852 280,852 287,850 328,843 345,850 348,850 349,850 350,850 351,850 355,849 376,844 435,848 471,850 472,850 473,850 482,848 501,841 519,847 525,849 527,849 528,850 595,850 595,849 614,845 642,839 802,842 978,845 980,845 1305,833 1306,821 1302,781 1073,791 1059,783 1057,783 1056,783 1055,783 1037,789 991,782 977,781 976,781 975,781 970,782 943,792 883,785 882,785 881,785 859,794 746,794 658,785 642,783 641,783 640,783 635,785 603,796 577,787 575,787 574,787 573,787 572,787 557,797 508,797 476,786 471,785 469,785 468,785 452,786 413,791 353,787 331,786 329,786 320,787 272,796 252,787 250,787 249,787 248,787 243,787 188,799 121,788 118,788 116,788 54,788 56,832"/>
        <Baseline points="56,832 1306,821"/>
        <TextEquiv>
          <Unicode>stellt und gleichzeitig mit Johannes a Lapide immatrikulirt</Unicode>
        </TextEquiv>
      </TextLine>
      <TextLine id="eSc_line_6871b93c" >
        <Coords points="57,891 57,900 466,906 467,906 468,906 488,898 620,898 678,905 679,905 848,898 1032,901 1033,901 1034,901 1036,901 1045,895 1145,901 1146,901 1215,893 1217,893 1219,893 1274,900 1275,900 1277,900 1305,892 1305,881 1302,852 1180,843 1179,843 1178,843 1146,852 1124,845 1123,845 1122,845 1090,852 1073,844 1072,844 1071,844 1070,844 1042,852 1012,844 1011,844 1010,844 1009,844 989,853 955,845 954,845 891,853 838,845 837,845 836,845 835,845 826,852 795,847 793,847 751,854 708,847 707,847 648,855 533,848 532,848 367,858 239,850 238,850 237,850 210,859 148,852 147,852 56,860 57,891"/>
        <Baseline points="57,891 1305,881"/>
        <TextEquiv>
          <Unicode>wurde und von nun an als »ausgezeichnete Zierde und als vor-</Unicode>
        </TextEquiv>
      </TextLine>
      <TextLine id="eSc_line_2156bb45" >
        <Coords points="56,948 56,973 138,965 160,972 161,972 163,972 164,972 219,959 280,959 316,971 318,971 320,971 321,971 334,970 390,965 402,970 407,971 409,971 410,971 411,971 418,968 457,957 561,965 562,965 563,965 580,957 606,962 607,962 637,956 668,966 681,970 683,970 684,970 726,965 805,955 833,964 836,964 837,964 838,964 872,962 954,960 961,961 981,967 982,967 983,967 1010,961 1020,959 1023,961 1032,966 1033,966 1034,966 1036,966 1071,964 1072,964 1079,960 1092,954 1140,959 1204,966 1205,966 1206,966 1229,957 1232,957 1302,957 1303,942 1301,912 1221,901 1219,901 1218,901 1180,911 1155,905 1154,905 1152,905 1151,905 1120,912 1118,912 1001,906 1000,906 931,914 930,914 908,904 907,904 844,903 843,903 842,903 809,912 775,906 774,906 773,906 756,915 754,915 675,904 674,904 673,904 640,915 617,904 616,904 555,904 553,904 501,916 501,917 483,917 422,917 398,905 396,905 360,905 359,905 260,906 259,906 258,906 239,917 102,910 101,910 54,919 56,948"/>
        <Baseline points="56,948 1303,942"/>
        <TextEquiv>
          <Unicode>nehmster Grundleger und Theologe der Universität«, wie Moser</Unicode>
        </TextEquiv>
      </TextLine>
      <TextLine id="eSc_line_7f2aa315" >
        <Coords points="58,1009 58,1029 87,1024 122,1028 142,1029 143,1029 144,1029 146,1029 150,1026 163,1018 234,1018 243,1022 258,1027 259,1027 260,1027 316,1017 317,1005 315,977 290,977 281,967 281,966 280,966 278,966 277,966 276,966 262,972 230,966 228,966 227,966 183,977 144,972 143,972 142,972 121,978 120,978 119,978 107,970 105,970 104,970 103,970 102,970 101,970 88,977 70,970 69,970 68,970 66,970 65,970 57,974 58,1009"/>
        <Baseline points="58,1009 317,1005"/>
        <TextEquiv>
          <Unicode>sagt, wirkte.</Unicode>
        </TextEquiv>
      </TextLine>
      <TextLine id="eSc_line_db793fca" >
        <Coords points="150,1067 150,1077 260,1077 261,1077 276,1084 277,1084 278,1084 409,1076 424,1076 438,1076 564,1083 566,1083 618,1074 625,1074 720,1074 721,1074 748,1082 749,1082 751,1082 1021,1074 1072,1080 1073,1080 1075,1080 1094,1072 1095,1072 1096,1072 1107,1078 1109,1078 1110,1078 1183,1072 1189,1072 1194,1072 1278,1078 1279,1078 1280,1078 1306,1071 1306,1061 1302,1018 1264,1027 1148,1027 1115,1020 1105,1018 1104,1018 1103,1018 1096,1020 1072,1028 1005,1028 989,1021 986,1020 984,1020 983,1020 982,1020 976,1021 953,1027 928,1021 919,1020 917,1020 855,1022 723,1028 661,1024 613,1021 612,1021 611,1021 609,1021 605,1024 600,1027 567,1024 525,1022 524,1022 523,1022 514,1026 504,1030 463,1030 456,1026 451,1022 450,1022 449,1022 448,1022 417,1026 402,1028 398,1027 388,1022 387,1022 385,1022 384,1022 376,1027 368,1030 360,1027 350,1023 349,1023 348,1023 314,1027 284,1032 217,1032 209,1028 194,1023 193,1023 192,1023 149,1028 150,1067"/>
        <Baseline points="150,1067 1306,1061"/>
        <TextEquiv>
          <Unicode>Unter die Lehraufgaben der Artistenfacultät gehörte nach</Unicode>
        </TextEquiv>
      </TextLine>
      <TextLine id="eSc_line_baaed7c7" >
        <Coords points="57,1127 57,1139 342,1146 343,1146 407,1145 409,1145 428,1138 429,1138 518,1145 519,1145 521,1145 522,1145 535,1136 585,1136 614,1136 634,1145 635,1145 636,1145 681,1135 686,1135 691,1135 737,1144 739,1145 854,1145 854,1144 904,1134 908,1134 910,1134 939,1142 941,1142 942,1144 1059,1144 1059,1142 1060,1142 1094,1133 1096,1133 1098,1133 1112,1141 1113,1141 1115,1141 1116,1141 1141,1133 1144,1133 1145,1133 1174,1141 1176,1141 1177,1141 1178,1141 1195,1133 1197,1133 1273,1141 1274,1141 1275,1141 1305,1132 1305,1119 1303,1090 1271,1080 1269,1080 1268,1080 1122,1089 1100,1080 1099,1080 1098,1080 1096,1080 1095,1080 1079,1090 911,1082 910,1082 909,1082 886,1093 826,1093 798,1083 797,1083 796,1083 795,1083 773,1093 728,1093 711,1083 709,1083 708,1083 707,1083 678,1093 629,1084 628,1084 591,1093 560,1084 558,1084 557,1084 556,1084 528,1093 473,1084 472,1084 429,1093 404,1085 402,1085 401,1085 400,1085 372,1094 192,1086 191,1086 189,1086 166,1096 119,1096 96,1086 94,1086 93,1086 92,1086 56,1096 57,1127"/>
        <Baseline points="57,1127 1305,1119"/>
        <TextEquiv>
          <Unicode>alter Ordnung die Physik im damaligen Umfang der Discip-</Unicode>
        </TextEquiv>
      </TextLine>
      <TextLine id="eSc_line_d7e42748" >
        <Coords points="57,1188 57,1206 126,1206 126,1205 127,1205 129,1205 147,1197 169,1205 171,1205 172,1205 174,1205 181,1205 233,1197 244,1203 245,1205 247,1205 248,1205 249,1205 250,1205 253,1203 270,1196 292,1203 293,1203 294,1203 295,1203 297,1203 298,1203 318,1196 336,1202 338,1203 339,1203 340,1205 340,1203 342,1203 344,1202 361,1196 443,1202 471,1203 472,1203 486,1201 521,1196 552,1201 564,1202 566,1202 567,1202 570,1201 583,1195 605,1201 613,1202 614,1202 616,1202 637,1200 697,1194 809,1194 830,1198 841,1201 842,1201 843,1201 859,1198 891,1192 956,1197 992,1200 993,1201 1098,1201 1098,1200 1099,1200 1110,1196 1124,1191 1155,1196 1169,1197 1171,1197 1172,1197 1178,1195 1191,1191 1213,1195 1234,1198 1235,1198 1308,1194 1308,1180 1303,1142 1275,1151 1194,1151 1129,1142 1101,1140 1100,1140 1099,1140 1093,1142 1076,1152 998,1152 935,1144 913,1141 911,1141 910,1141 905,1144 888,1152 861,1144 857,1142 855,1142 854,1142 853,1142 848,1144 821,1152 647,1145 644,1145 642,1145 641,1145 616,1153 595,1145 592,1144 591,1144 512,1144 511,1144 510,1144 505,1145 471,1155 332,1146 311,1145 310,1145 301,1146 241,1156 202,1146 200,1146 199,1146 198,1146 197,1146 196,1146 178,1156 136,1146 132,1146 131,1146 56,1146 57,1188"/>
        <Baseline points="57,1188 1308,1180"/>
        <TextEquiv>
          <Unicode>lin; sie umfasste nemlich nicht nur die Naturgeschichte und</Unicode>
        </TextEquiv>
      </TextLine>
      <TextLine id="eSc_line_d7ceb4c5" >
        <Coords points="59,1246 59,1257 239,1263 241,1263 242,1263 264,1256 267,1256 271,1256 298,1262 299,1262 357,1256 362,1256 364,1256 378,1262 379,1262 381,1262 622,1254 630,1254 631,1254 665,1261 667,1261 668,1261 690,1253 693,1253 708,1253 803,1259 804,1259 877,1253 891,1252 911,1252 1044,1258 1045,1258 1075,1252 1076,1252 1262,1257 1263,1257 1305,1250 1306,1239 1303,1209 1173,1209 1133,1198 1132,1198 1131,1198 1129,1198 1092,1209 1090,1209 1088,1209 911,1200 910,1200 909,1200 887,1211 886,1211 836,1201 835,1201 833,1201 808,1211 808,1212 779,1212 712,1212 684,1201 683,1201 681,1201 680,1201 664,1207 616,1202 614,1202 613,1202 612,1202 596,1212 592,1212 474,1202 473,1202 420,1213 416,1213 413,1213 356,1203 355,1203 354,1203 328,1212 305,1206 304,1206 303,1206 264,1213 259,1214 256,1213 233,1205 232,1205 231,1205 158,1214 152,1214 147,1214 71,1205 70,1205 69,1205 68,1205 58,1211 59,1246"/>
        <Baseline points="59,1246 1306,1239"/>
        <TextEquiv>
          <Unicode>Naturlehre in der heutigen Bedeutung der Worte, sondern aus-</Unicode>
        </TextEquiv>
      </TextLine>
      <TextLine id="eSc_line_a91fe478" >
        <Coords points="57,1306 58,1324 70,1318 277,1323 333,1324 334,1324 336,1324 340,1323 364,1317 440,1323 468,1324 469,1324 491,1321 555,1315 606,1321 619,1323 620,1323 622,1323 625,1321 640,1315 651,1321 652,1323 653,1323 654,1323 656,1324 708,1324 708,1323 709,1323 713,1321 726,1315 814,1320 836,1321 837,1321 1302,1318 1303,1299 1301,1267 1171,1257 1169,1257 1124,1265 1099,1257 1098,1257 1096,1257 1038,1267 898,1258 897,1258 896,1258 875,1267 782,1261 781,1261 706,1268 690,1259 689,1259 687,1259 686,1259 662,1265 626,1259 625,1259 624,1259 608,1268 483,1262 482,1262 420,1269 342,1261 340,1261 339,1261 303,1270 230,1262 228,1262 227,1262 197,1270 148,1262 147,1262 146,1262 124,1271 56,1271 57,1306"/>
        <Baseline points="57,1306 1303,1299"/>
        <TextEquiv>
          <Unicode>ser der Naturphilosophie noch die Anthropologie und Psychologie,</Unicode>
        </TextEquiv>
      </TextLine>
      <TextLine id="eSc_line_ff980e6d" >
        <Coords points="59,1365 59,1379 333,1380 334,1380 370,1376 394,1374 398,1376 406,1381 407,1381 409,1381 410,1382 495,1382 495,1381 496,1381 511,1375 513,1374 562,1374 578,1374 680,1380 681,1380 683,1380 704,1373 711,1371 719,1373 749,1379 751,1379 889,1377 891,1377 910,1371 954,1377 955,1377 988,1370 995,1369 1042,1370 1271,1375 1272,1375 1273,1375 1306,1366 1306,1355 1302,1320 1006,1326 997,1324 983,1319 982,1319 838,1319 837,1319 836,1319 813,1326 802,1330 703,1330 700,1327 684,1320 683,1320 681,1320 625,1321 624,1321 611,1329 608,1330 597,1329 547,1321 546,1321 545,1321 527,1330 523,1332 368,1332 367,1331 351,1324 350,1324 349,1324 295,1332 294,1332 277,1324 276,1324 215,1324 214,1324 213,1324 185,1334 166,1325 165,1325 88,1325 87,1325 86,1325 58,1335 59,1365"/>
        <Baseline points="59,1365 1306,1355"/>
        <TextEquiv>
          <Unicode>welche selbst im engen Anschluss an Aristoteles und seine mit-</Unicode>
        </TextEquiv>
      </TextLine>
      <TextLine id="eSc_line_48b04799" >
        <Coords points="58,1426 58,1438 159,1446 160,1446 203,1437 214,1435 443,1435 446,1435 472,1441 473,1441 502,1435 505,1435 506,1435 550,1442 551,1443 679,1443 679,1442 680,1442 681,1442 696,1432 697,1432 701,1432 746,1441 747,1441 819,1432 837,1439 838,1439 840,1441 956,1441 956,1439 958,1439 995,1430 998,1430 999,1430 1037,1438 1038,1439 1126,1439 1126,1438 1127,1438 1152,1431 1230,1437 1232,1437 1309,1426 1309,1416 1306,1382 1183,1386 1173,1382 1155,1375 1154,1375 1152,1375 1151,1375 1150,1375 1139,1382 1138,1383 1138,1382 1127,1376 1126,1376 1124,1376 1038,1376 1037,1376 1036,1376 1010,1383 993,1390 943,1390 928,1385 907,1377 905,1377 904,1377 865,1385 837,1390 798,1385 742,1379 741,1379 687,1386 650,1392 609,1392 601,1386 595,1382 594,1382 592,1382 591,1382 590,1382 579,1387 575,1388 572,1387 560,1381 558,1381 557,1381 510,1387 469,1392 400,1392 390,1388 372,1382 371,1382 348,1382 346,1382 345,1382 344,1382 334,1388 326,1393 297,1388 256,1382 255,1382 57,1390 58,1426"/>
        <Baseline points="58,1426 1309,1416"/>
        <TextEquiv>
          <Unicode>telalterlichen Commentatoren gelehrt wurden. So finden wir</Unicode>
        </TextEquiv>
      </TextLine>
      <TextLine id="eSc_line_b3be6731" >
        <Coords points="58,1485 58,1502 159,1494 239,1500 252,1500 253,1500 254,1500 255,1500 271,1493 284,1499 286,1499 287,1499 294,1499 474,1492 490,1497 494,1498 495,1498 496,1498 506,1497 542,1492 584,1495 606,1498 607,1498 635,1495 684,1491 769,1494 849,1497 851,1497 915,1492 941,1491 1008,1491 1275,1494 1277,1494 1307,1487 1308,1477 1306,1448 1185,1437 1184,1437 1183,1437 1149,1448 1092,1448 1070,1438 1068,1438 1067,1438 1033,1444 1011,1439 1010,1439 1009,1439 1008,1439 1006,1439 994,1447 973,1438 972,1438 900,1438 899,1438 898,1438 897,1438 880,1449 833,1439 832,1439 775,1447 745,1439 743,1439 742,1439 679,1450 656,1441 654,1441 588,1441 586,1441 585,1441 566,1452 512,1452 486,1441 485,1441 484,1441 483,1441 449,1453 385,1453 366,1442 365,1442 364,1442 362,1442 328,1453 250,1453 202,1443 119,1443 118,1443 116,1443 94,1454 57,1454 58,1485"/>
        <Baseline points="58,1485 1308,1477"/>
        <TextEquiv>
          <Unicode>auch Summenhart schon 1478 mit Vorarbeiten für sein um-</Unicode>
        </TextEquiv>
      </TextLine>
      <TextLine id="eSc_line_8c25cf12" >
        <Coords points="58,1547 58,1562 113,1558 135,1564 146,1566 147,1566 148,1566 149,1566 155,1562 168,1556 214,1556 237,1561 249,1565 250,1565 252,1565 284,1561 336,1555 421,1559 489,1562 490,1562 538,1558 578,1554 613,1556 668,1561 669,1561 719,1555 753,1551 810,1551 818,1554 833,1560 835,1560 836,1560 936,1559 937,1559 950,1553 986,1559 987,1559 988,1559 1006,1551 1008,1551 1026,1559 1027,1559 1028,1559 1029,1559 1048,1550 1053,1549 1057,1550 1079,1558 1081,1558 1082,1559 1168,1559 1168,1558 1307,1547 1308,1536 1305,1505 1150,1505 1145,1505 1083,1494 1082,1494 1081,1494 1059,1505 1056,1506 1027,1506 1008,1505 952,1500 950,1500 949,1500 936,1505 935,1505 933,1505 892,1495 891,1495 841,1499 840,1499 827,1505 823,1509 790,1509 784,1505 759,1497 758,1497 757,1497 546,1502 522,1506 502,1510 484,1506 462,1502 461,1502 432,1506 415,1509 409,1506 395,1500 394,1500 393,1500 326,1506 286,1510 264,1506 234,1502 233,1502 198,1506 160,1513 125,1506 98,1503 97,1503 57,1506 58,1547"/>
        <Baseline points="58,1547 1308,1536"/>
        <TextEquiv>
          <Unicode>fangreiches Werk über die Physik beschäftigt; er habe, so er-</Unicode>
        </TextEquiv>
      </TextLine>
      <TextLine id="eSc_line_577d4436" >
        <Coords points="60,1603 60,1616 1071,1616 1071,1615 1087,1615 1189,1609 1303,1614 1306,1595 1302,1558 1140,1562 1133,1559 1128,1556 1127,1556 1126,1556 1104,1559 1070,1564 1057,1560 1048,1556 1047,1556 1045,1556 1025,1560 1005,1564 991,1560 973,1556 972,1556 971,1556 970,1556 954,1561 943,1564 928,1561 902,1556 900,1556 843,1562 810,1565 804,1562 795,1558 793,1558 792,1558 767,1562 760,1564 756,1562 729,1558 728,1558 691,1564 675,1566 667,1564 650,1559 648,1559 647,1559 623,1565 614,1566 607,1565 589,1559 588,1559 586,1559 555,1565 547,1566 530,1565 451,1560 450,1560 449,1560 434,1566 430,1567 420,1566 360,1560 359,1560 325,1567 323,1567 322,1567 284,1561 283,1561 282,1561 266,1568 265,1568 252,1568 110,1561 109,1561 59,1570 60,1603"/>
        <Baseline points="60,1603 1306,1595"/>
        <TextEquiv>
          <Unicode>zählt er selbst, in diesem Jahr um Bartholomäi Abends 9 Uhr,</Unicode>
        </TextEquiv>
      </TextLine>
      <TextLine id="eSc_line_982ee3cc" >
        <Coords points="62,1662 62,1687 99,1678 153,1685 154,1685 199,1676 230,1682 231,1682 232,1682 253,1674 416,1674 591,1683 592,1683 594,1683 647,1672 719,1672 740,1679 741,1679 742,1679 788,1671 838,1680 840,1680 841,1680 863,1671 988,1677 989,1677 1017,1672 1045,1679 1047,1679 1048,1679 1154,1678 1155,1678 1167,1672 1303,1678 1306,1654 1303,1624 1264,1618 1263,1618 1262,1618 1244,1624 1228,1615 1227,1615 1225,1615 1224,1615 1161,1624 1105,1616 1104,1616 1103,1616 1072,1623 1053,1616 1051,1616 976,1616 975,1616 973,1616 947,1627 945,1627 944,1627 913,1617 911,1617 910,1617 909,1617 889,1627 889,1628 853,1628 835,1628 773,1617 771,1617 729,1618 728,1618 709,1628 708,1629 701,1629 648,1629 617,1618 616,1618 614,1618 613,1618 588,1629 549,1620 547,1620 546,1620 545,1620 525,1629 485,1623 484,1623 483,1623 457,1629 417,1620 416,1620 415,1620 413,1620 379,1632 250,1632 227,1622 226,1622 225,1622 224,1622 204,1633 176,1633 143,1622 142,1622 97,1622 96,1622 94,1622 60,1633 62,1662"/>
        <Baseline points="62,1662 1306,1654"/>
        <TextEquiv>
          <Unicode>während er an diesem Buche arbeitete, einen Mondregenbogen</Unicode>
        </TextEquiv>
      </TextLine>
      <TextLine id="eSc_line_6e0a7df6" >
        <Coords points="62,1723 62,1736 132,1746 133,1746 135,1746 148,1740 181,1744 182,1744 183,1744 185,1744 197,1735 198,1735 199,1735 290,1744 292,1744 293,1744 322,1733 322,1719 321,1685 292,1676 290,1676 289,1676 288,1676 260,1684 256,1684 253,1684 222,1677 221,1677 197,1683 185,1685 174,1682 161,1678 160,1678 137,1678 136,1678 135,1678 133,1678 133,1679 131,1682 125,1687 60,1680 62,1723"/>
        <Baseline points="62,1723 322,1719"/>
        <TextEquiv>
          <Unicode>beobachtet ⁷).</Unicode>
        </TextEquiv>
      </TextLine>
      <TextLine id="eSc_line_cae5be15" >
        <Coords points="153,1782 153,1794 189,1801 191,1801 304,1792 320,1792 326,1792 370,1800 371,1800 407,1792 410,1792 412,1792 474,1799 476,1799 812,1797 865,1789 870,1788 1022,1788 1028,1788 1084,1795 1085,1795 1172,1786 1180,1786 1188,1786 1268,1794 1269,1794 1306,1785 1307,1773 1305,1741 1190,1732 1189,1732 952,1734 950,1734 931,1743 930,1743 866,1734 865,1734 814,1744 810,1744 809,1744 792,1735 791,1735 790,1735 709,1743 663,1735 662,1735 661,1735 639,1744 574,1736 573,1736 572,1736 570,1736 557,1745 556,1746 505,1746 504,1745 491,1738 490,1738 489,1738 488,1738 486,1738 469,1745 467,1747 371,1747 368,1746 350,1739 349,1739 348,1739 309,1746 300,1749 245,1749 243,1746 227,1740 226,1740 225,1740 224,1740 210,1746 208,1747 205,1746 177,1739 176,1739 175,1739 174,1739 152,1746 153,1782"/>
        <Baseline points="153,1782 1307,1773"/>
        <TextEquiv>
          <Unicode>Indessen war eine Anstellung in der Artistenfacultät ge-</Unicode>
        </TextEquiv>
      </TextLine>
      <TextLine id="eSc_line_fae42ff2" >
        <Coords points="64,1841 64,1861 238,1851 283,1858 286,1858 287,1858 288,1858 289,1858 321,1850 477,1855 478,1855 479,1855 497,1848 518,1855 524,1857 525,1857 527,1858 634,1858 634,1857 656,1853 687,1847 708,1852 721,1856 723,1856 724,1856 725,1856 741,1852 759,1847 777,1851 790,1855 791,1855 792,1855 830,1851 853,1848 864,1850 893,1856 894,1856 982,1850 1047,1855 1048,1855 1049,1855 1066,1847 1071,1846 1083,1847 1121,1852 1122,1852 1150,1846 1160,1845 1173,1846 1232,1853 1233,1853 1309,1844 1311,1834 1308,1802 1246,1802 1218,1792 1217,1792 1216,1792 1146,1801 1117,1794 1116,1794 1115,1794 1113,1794 1095,1802 1094,1803 964,1803 963,1802 896,1794 894,1794 893,1794 874,1803 871,1803 864,1803 798,1795 797,1795 796,1795 776,1803 775,1803 770,1803 717,1796 715,1796 681,1803 674,1805 654,1803 564,1796 563,1796 562,1796 536,1803 533,1805 505,1803 343,1797 342,1797 289,1805 270,1807 255,1805 222,1799 221,1799 63,1805 64,1841"/>
        <Baseline points="64,1841 1311,1834"/>
        <TextEquiv>
          <Unicode>wöhnlich nur eine Vorstufe für den Eintritt in eine der höhern</Unicode>
        </TextEquiv>
      </TextLine>
      <TextLine id="eSc_line_51829ab6" >
        <Coords points="66,1901 66,1913 181,1920 182,1920 308,1912 314,1912 326,1919 327,1919 328,1919 329,1920 377,1920 377,1919 517,1911 535,1909 542,1909 586,1917 588,1917 656,1909 657,1909 685,1917 686,1917 687,1917 689,1917 718,1908 720,1908 725,1908 782,1915 784,1915 864,1907 874,1907 881,1907 945,1913 947,1913 993,1906 999,1906 1004,1906 1034,1913 1036,1913 1037,1913 1060,1906 1061,1906 1070,1906 1152,1911 1154,1911 1155,1911 1167,1904 1168,1904 1178,1904 1269,1912 1271,1912 1309,1903 1311,1891 1308,1862 1167,1852 1166,1852 1165,1852 1146,1862 1095,1853 1094,1853 1093,1853 1076,1863 1036,1863 1001,1853 1000,1853 999,1853 935,1863 821,1856 820,1856 741,1864 689,1856 687,1856 686,1856 664,1864 645,1857 644,1857 577,1857 575,1857 533,1867 530,1867 525,1867 406,1858 405,1858 404,1858 402,1858 389,1867 372,1859 371,1859 370,1859 308,1868 178,1861 177,1861 126,1869 85,1861 84,1861 82,1861 65,1868 66,1901"/>
        <Baseline points="66,1901 1311,1891"/>
        <TextEquiv>
          <Unicode>Facultäten. Obgleich nemlich in gewissem Sinn der Schwer-</Unicode>
        </TextEquiv>
      </TextLine>
      <TextLine id="eSc_line_b6aa73d4" >
        <Coords points="64,1963 65,1981 94,1974 202,1979 203,1979 204,1979 217,1971 338,1971 398,1976 416,1977 417,1977 440,1976 501,1970 514,1975 521,1976 522,1976 523,1976 556,1974 619,1969 654,1973 681,1975 683,1975 858,1969 948,1967 963,1968 1000,1971 1001,1971 1045,1967 1067,1964 1121,1965 1264,1969 1266,1969 1311,1962 1312,1951 1309,1920 1253,1909 1252,1909 1165,1920 1146,1909 1145,1909 1144,1909 1143,1909 1141,1909 1117,1921 1060,1921 860,1912 859,1912 858,1912 857,1912 837,1924 746,1924 724,1913 723,1913 687,1913 686,1913 562,1914 561,1914 547,1920 472,1915 471,1915 439,1918 438,1918 437,1918 422,1929 351,1929 327,1919 326,1919 325,1919 323,1919 300,1930 267,1930 217,1918 216,1918 215,1918 194,1925 103,1919 102,1919 101,1919 63,1931 64,1963"/>
        <Baseline points="64,1963 1312,1951"/>
        <TextEquiv>
          <Unicode>punkt der wissenschaftlichen Studien und Übungen in der philo-</Unicode>
        </TextEquiv>
      </TextLine>
      <TextLine id="eSc_line_ab915650" >
        <Coords points="64,2020 64,2035 1313,2029 1313,2010 1311,1976 1260,1970 1258,1970 1218,1976 1205,1979 1196,1977 1173,1970 1172,1970 1171,1970 1090,1977 1067,1980 1065,1979 1054,1971 1053,1971 1051,1971 1050,1971 955,1977 888,1973 887,1973 886,1973 871,1980 869,1981 853,1981 785,1976 784,1976 687,1982 662,1984 651,1982 586,1975 585,1975 584,1975 557,1984 556,1984 534,1975 533,1975 532,1975 494,1984 399,1979 398,1979 396,1979 376,1986 373,1986 368,1986 308,1977 306,1977 262,1986 220,1977 219,1977 63,1988 64,2020"/>
        <Baseline points="64,2020 1313,2010"/>
        <TextEquiv>
          <Unicode>sophischen Facultät mit ihrer streng scholastischen Disciplin,</Unicode>
        </TextEquiv>
      </TextLine>
      <TextLine id="eSc_line_ab5d1b04" >
        <Coords points="66,2077 66,2108 119,2102 261,2104 262,2104 264,2104 265,2104 281,2094 317,2104 322,2105 323,2105 325,2105 333,2104 385,2094 450,2103 477,2105 478,2105 479,2105 488,2102 505,2094 528,2102 539,2104 540,2104 541,2105 613,2105 613,2104 614,2104 625,2099 640,2093 663,2099 679,2103 680,2103 681,2104 745,2104 745,2103 746,2103 762,2098 774,2093 784,2097 796,2103 797,2103 798,2104 837,2104 837,2103 872,2096 898,2091 959,2091 966,2094 976,2099 977,2099 978,2099 1031,2093 1045,2092 1050,2093 1073,2099 1075,2099 1076,2099 1131,2092 1148,2089 1160,2091 1210,2100 1211,2100 1311,2088 1312,2070 1308,2032 1219,2041 1135,2033 1105,2031 1104,2031 1103,2031 1092,2033 1070,2040 1048,2035 1039,2032 1038,2032 1037,2032 1036,2032 1029,2035 1012,2041 988,2035 976,2032 975,2032 973,2032 966,2035 949,2043 894,2043 813,2037 773,2033 771,2033 770,2033 763,2037 751,2044 687,2044 652,2038 631,2035 517,2035 516,2035 514,2035 499,2040 478,2046 393,2046 383,2041 373,2037 372,2037 371,2037 318,2041 266,2046 245,2042 219,2037 217,2037 216,2037 198,2042 183,2048 129,2048 119,2043 105,2038 104,2038 103,2038 65,2043 66,2077"/>
        <Baseline points="66,2077 1312,2070"/>
        <TextEquiv>
          <Unicode>ihren Disputationen und Prüfungen lag, so nahmen doch gerade</Unicode>
        </TextEquiv>
      </TextLine>
      <TextLine id="eSc_line_5addcf20" >
        <Coords points="1106,2128 1099,2105 1053,2096 1053,2128 1051,2141 1104,2143 1108,2130 1108,2128 1106,2128"/>
        <Baseline points="1054,2130 1109,2131"/>
        <TextEquiv>
          <Unicode>1*</Unicode>
        </TextEquiv>
      </TextLine>
    </TextRegion>
    <TextRegion id="eSc_textblock_6332fa1f"  >
      <Coords points="791,76 662,101 598,96 564,71 579,48 657,43 776,53 791,76"/>
    </TextRegion>
    <TextRegion id="eSc_dummyblock_">
      <Coords points="0,0 0,0"/>
      <TextLine id="eSc_line_6b9b9f49" >
        <Coords points="777,45 741,49 710,41 677,32 675,32 673,32 672,32 670,32 662,38 646,51 602,51 569,34 569,80 571,98 609,85 646,85 655,93 657,94 657,96 659,96 661,96 662,96 781,83 783,78 777,45"/>
        <Baseline points="571,81 784,79"/>
        <TextEquiv>
          <Unicode>— 3 —</Unicode>
        </TextEquiv>
      </TextLine>
    </TextRegion>
  </Page>
</PcGts>
