1350 2145
563 50 777 103 — 6 —
144 673 1293 728 Wo immer Summenharts von Zeitgenossen erwähnt wird,
46 728 1297 791 geschieht es in den ehrendsten Bezeichnungen sowohl für seinen
46 787 1296 854 persönlichen Charakter als für seine wissenschaft-
46 849 1298 905 lichen Leistungen. Er ist ihnen ein »Monarch unter den
51 909 1298 967 Theologen«, ein »Phönix unter den Doktoren«, ein Mann nicht
46 966 1297 1027 nur von der glänzendsten Erudition, sondern auch von muster-
46 1027 1297 1087 haftem Lebenswandel, ein überaus angesehener Redner und Lehrer.
48 1083 1297 1149 Jakob Wimpheling und Heinrich Bebel begleiten seine
48 1144 1299 1209 Schriften mit begeisterten Epigrammen. Vornehmlich aber wird
47 1203 1298 1261 ihm nachgerühmt ein reines warmes Streben nach einer Ver-
47 1261 1297 1325 besserung der wissenschaftlichen und kirchlichen Zustände sei-
47 1322 1298 1390 ner Zeit; namentlich bezeichnend ist, was aus dem Munde sei-
48 1383 1297 1444 nes Schülers Joh. Staupitz, des spätern Augustinerprovinzials,
47 1444 1295 1508 überliefert wird, derselbe habe Summenhart mit tiefer Bewegung
47 1500 1299 1569 ausrufen hören: Wer wird mich Unglücklichen einmal erlösen
50 1562 783 1629 von diesem theologischen Gezänke! ¹)
139 1619 1298 1685 So geht sein Lob von Mund zu Mund und findet sich in
48 1677 1297 1746 gleicher Weise bei den Literarhistorikern wie bei den Geschichts-
46 1738 1298 1804 schreibern der Universität. Freunde der alten und Freunde der
47 1798 1057 1866 neuen Richtung nehmen ihn für sich in Anspruch.
139 1859 1297 1922 Doch möchte für die Charakterzeichnung eines Mannes aus
48 1918 1298 1984 damaliger Zeit, welche die schroffen Parteigegensätze einer spä-
47 1978 1301 2046 tern Epoche noch nicht kannte, wohl auch daran zu erinnern
50 2036 1297 2105 sein, dass aus einer Literaturepoche, in welcher die huma-
641 519 703 586 II.
