1359 2138
57 130 1303 193 die Vorstellung von Auktoritätsglauben, Halten an der Überlie-
54 191 1305 252 ferung, auch wohl etwas Pedanterie. Diess hat seine guten
54 250 1305 310 Gründe. Der Bestand einer Corporation, wie die Universität
54 308 1304 370 ist, erfordert, dass ihre Mitglieder sich einem geschlossenen Or-
54 369 1307 432 ganismus einfügen und unterordnen, sich ihre Aufgaben nicht
54 428 1306 489 willkürlich selbst zutheilen, sondern sich zuweisen lassen, und
54 489 1304 549 mit einem edeln Chorgeist und mit dem Bewusstsein der Ver-
55 549 1305 606 antwortlichkeit auch Sinn und Takt für Aufrechthaltung der
54 606 1305 665 corporativen Überlieferungen verbinden. Das Interesse des Un-
54 668 1306 731 terrichts aber verlangt, dass diejenigen, welche junge Männer
54 725 1305 789 in die Strenge geistiger Arbeit einführen sollen, die Strenge der
54 786 1305 846 Selbstzucht auch an sich erfahren. Viele unter den begabtesten
54 846 1304 906 Humanisten haben solche Unterordnung unter den Zwang einer
54 906 1305 966 festen Anstellung verschmäht und sich vor Annahme eines öf-
51 964 1305 1025 fentlichen Amtes gescheut, haben ein unstetes Leben und Wan-
52 1022 1304 1086 dern vorgezogen ⁷), haben viel eher wie die Sophisten und Encyklo-
54 1084 1305 1148 pädisten zerstörende Keime in das geistige Leben, in Religion
54 1143 1305 1198 und Sitte, hineingetragen, als dass die wissenschaftliche Systeme
54 1205 1305 1262 gebaut hätten. Was einzelne aus ihnen für die Organisation
54 1261 1305 1319 des Unterrichts an den Mittelschulen geleistet haben, Männer
54 1324 1300 1384 wie Alexander Hegius, Rudolf von Langen, Dringenberg,
54 1381 1304 1443 soll ihnen unvergessen sein. Aber für die systematischen Wis-
54 1443 1305 1498 senschaften konnte man der Scholastiter noch lange nicht ent-
52 1500 1306 1563 behren. Manche Schüler kamen fast noch in den Knabenjahren
54 1555 1305 1622 an die Universität und sollten, wie Wimpheling klagt, die Er-
54 1617 1304 1684 klärung des Aristoteles verstehen, während sie kaum die Gram-
54 1680 405 1740 matik kannten ⁸).
143 1736 1307 1798 Aus der ersten Periode Summenharts haben wir nur ein
60 1794 1307 1856 Werk, welches uns einen Einblick in den damaligen Stand der
54 1852 1305 1919 philosophischen Studien in der Richtung der Naturphilosophie ge-
54 1913 1301 1980 währt; es ist sein Commentar zu der Physik des Albertus Mag-
54 1974 1303 2037 nus im Anschluss an dessen Schrift: »Philosophia pauperum«.
57 2033 1304 2105 Es wird in dem genannten Commentar überall das traditionelle
561 42 795 96 — 12 —
