1346 2135
46 135 1286 198 nistische Rhetorik die nüchterne akademische Ausdrucksweise
45 183 1290 257 mehr als je überwältigte, und in welcher Freundlichkeit und
47 249 1286 321 Lob manchmal in masslos angestrengten Ausdrücken ausge-
45 308 1289 378 streut wurde, nicht jedes Attribut eines belobten Mannes für
46 364 1290 437 vollwichtig angenommen werden will und die Distichen der lor-
46 423 1291 494 beergekrönten Poeten ebenso oft für ein Spiel mit klingenden
53 483 1291 557 Worten als für aufrichtige Huldigung gelten können. Dazu
47 544 1294 614 kommt dass, wie man in Kriegszeiten Schätze vergräbt und
47 603 1292 677 Brunnen verschüttet, in den Kämpfen der Reformation ganze Trüm-
47 663 1292 735 merfelder über den Erinnerungen an die ersten Zeiten der Uni-
46 723 1296 794 versität aufgeschüttet worden sind; nur noch leise gedachte man
46 779 1294 857 da und dort der alten Zeiten und Männer, und sagenhafte An-
46 839 1297 914 klänge an die alte Geschichte pflanzten sich von Hand zu Hand
47 896 1293 977 und von Mund zu Mund fort. So sind namentlich die Über-
48 959 1298 1035 lieferungen über die Parteiungen und scholastischen Zänkereien, die
49 1021 1298 1093 in den beiden Heerlagern, der Adler- und der Pfauenburse,
51 1076 1294 1155 stattgefunden haben sollen, sowie über den Antheil der Profes-
51 1138 1298 1214 soren an denselben, durchaus unzuverlässig, und höchst wahr-
53 1200 1300 1266 scheinlich sind Vorgänge von andern Universitäten auch nach
60 1265 650 1334 Tübingen localisirt worden ²).
153 1316 1302 1390 Wir sind daher, wenn wir die Bedeutung Summenharts
56 1375 1303 1451 innerhalb der Facultät und seine wissenschaftliche Richtung ken-
55 1438 1304 1511 nen lernen wollen, fast einzig auf seine uns noch erhaltenen,
56 1496 1308 1564 nicht eben zahlreichen, aber zum Theil sehr umfangreichen und
56 1553 1305 1633 durchgehends sehr sorgfältig gearbeiteten Schriften, so weit sie
60 1613 1308 1690 zum Druck gekommen sind, angewiesen. Dieselben sind für
60 1680 1309 1745 uns mehrfach wichtig; die einen von ihnen gewähren uns einen
62 1732 1310 1806 Einblick in den damaligen Stand und Betrieb der akademischen
64 1789 1310 1865 Studien und theologischen Schulen überhaupt; die andern haben
62 1853 1309 1922 ein hohes culturgeschichtliches Interesse allgemeinerer Art als
66 1907 1308 1990 Quellenschriften für die Erkenntniss der literarischen und sitt-
65 1978 632 2040 lichen Zustände des Landes.
160 2025 1310 2101 Deutlich scheiden sich in der Wirksamkeit Summenharts
562 37 770 94 — 7 —
