1522 2481
680 74 715 140 5
55 167 1329 239 thöricht genug, um Ihm ihre eigene Thorheit zu leihen. Chriſtus wurde
57 223 1331 295 wegen ſeiner Sittenlehre nicht angefochten; Er wurde nicht wegen ſeiner
59 281 1329 351 Moral an's Kreuz geſchlagen, ſondern einzig darum, weil Er ſich für
59 330 1331 403 den Gottesſohn ausgegeben. Die Beilegung der Meſſiaswürde, die An⸗
57 388 1331 467 eignung der Gottheit, kurz das Übernatürliche in Ihm und im Chriſten⸗
59 444 1331 525 thum war nicht ein Mittel, ſondern das größte Hinderniß für die Ein⸗
62 508 1329 578 führung ſeiner Sittenlehre. Und was feinden heute noch die Ratio⸗
59 566 1331 634 naliſten und alle Ungläubigen an, wenn nicht gerade die Gottheit Chriſti
59 626 1331 690 und alles Übernatürliche im Chriſtenthum? Der Chriſtus der Ratio⸗
55 669 1333 750 naliſten iſt für keinen ehrlichen Menſchen annehmbar. Chriſtus iſt ent⸗
59 729 1335 802 weder, was Er von ſich gerichtlich, eidlich ausgeſagt, oder Er iſt für die
64 787 1333 870 Menſchheit Nichts, und wer die Gottheit Chriſti verwirft, muß das ganze
64 847 492 913 Chriſtenthum verwerfen.
150 905 1333 975 Mit dem Chriſtenthum aber muß ein folgerichtig denkender Menſch
59 963 1335 1031 Alles verwerfen, was dem Chriſtenthum angehört, Alles, was es der
62 1017 1333 1079 Menſchheit gebracht. Bei einer Eheſcheidung muß die Mitgift heraus⸗
62 1068 1335 1151 gegeben werden. Durchgehe man nun die achtzehn chriſtlichen Jahr⸗
62 1135 1337 1203 hunderte und nehme aus dem Leben der Völker alle Erkenntniß, alles
62 1188 1337 1259 Licht, alle Tugend, alles Glück, allen Troſt, alle Bildung, die ſie allein
64 1252 1335 1319 dem Chriſtenthum verdanken; angefangen von den in tiefſter Verbildung
59 1302 1340 1374 verkommenen Völkern, bis zu den armen Barbaren, die nur Jagd und
64 1352 1340 1436 Fiſchfang, Krieg und Menſchenmord kannten, als das Chriſtenthum ſie
64 1410 1342 1486 bei der Hand ergriff und ſie dahin führte, wo ſie jetzt ſtehen. Nimm
62 1472 1340 1548 das Alles und wirf es fort, als die Frucht des größten Weltbetrugs,
66 1538 1342 1604 oder des unheilbarſten Wahnſinns! Kannſt du das? Wenn du aber
66 1581 1340 1656 das über dich vermagſt, dann wirf auch noch deine arme Vernunft fort,
64 1641 655 1718 und verzichte auf alle Wahrheit.
153 1695 1342 1771 Denn du kannſt nicht läugnen, daß der Glaube an die Gottheit
68 1751 1340 1829 Chriſti ſtets als das Fundament des Chriſtenthums angeſehen ward,
68 1806 1342 1883 daß das Chriſtenthum ſeit 18 Jahrhunderten die Religion der gebildetſten
70 1862 1344 1943 Völker war, daß unter den Myriaden von Chriſten, die im Verlaufe
70 1920 1350 2003 von 18 Jahrhunderten auf dem ganzen Erdenrunde gelebt, Millionen
72 1986 1346 2061 von gründlichen, gelehrten, tiefſinnigen Forſchern waren, die es mit der
70 2032 1346 2112 Wahrheit ernſt nahmen und keinen Grund hatten, ſich ſelbſt zu täuſchen
72 2092 1348 2170 und ſich das ſchwere Joch des Chriſtenthums aufzuladen. Haben nun
72 2150 1352 2224 alle dieſe geirrt und ſich von einem lügenhaften oder wahnſinnigen
70 2201 1350 2292 Juden verführen laſſen? Was iſt dann die menſchliche Vernunft? Wie
68 2261 938 2354 viel darfſt du noch deiner Vernunft zutrauen?
