1521 2481
819 59 883 132 12
213 157 1496 229 an einen göttlichen Erlöſer nicht glaubt, der verzweifle! Wenn
211 210 1494 283 aber eine göttliche Perſon die menſchliche Natur annähme, ſo könnte ſie
215 277 1494 337 in derſelben leiden, und dieſen ihren Leiden durch ihre göttliche Perſön⸗
219 334 1496 394 lichkeit unendlichen Werth geben. Iſt das aber möglich? Allerdings nur
219 382 1496 446 der unendlichen Liebe Gottes! Chriſtus erklärt nun, der himmliſche
217 438 1494 508 Vater habe die Welt ſo geliebt, daß er ſeinen eingeborenen Sohn für
219 500 1492 564 ſie hingab; daß Er, Chriſtus, ſein Leben freiwillig für uns hingebe,
217 554 1494 618 damit wir das Leben haben und in Fülle haben. Auf dieſe Weiſe wird
217 611 1494 674 dem Sünder die Bosheit der Sünde, die Heiligkeit des Geſetzes, die
217 663 1502 736 unendliche Erbarmung und Liebe Gottes auf die möglichſt vollkommene
219 717 1494 789 Art geoffenbart und zugleich der Gerechtigkeit vollſtändig genügt. Am
213 777 1494 845 Kreuze des freiwillig für die Schuldigen ſterbenden Gottmenſchen um⸗
217 833 1494 901 armen ſich Gerechtigkeit und Liebe. Mag das Kreuz Chriſti dem fleiſch⸗
219 891 1498 965 lichen Juden ein Ärgerniß, dem hochmüthigen Heiden eine Thorheit
219 953 1494 1023 ſein; gewiß iſt es, daß der wahre Gott, der Schöpfer des Himmels und
219 1006 1492 1070 der Erde, nie beſſer gekannt, nie würdiger verehrt, nie inbrünſtiger
217 1062 1489 1137 geliebt worden, als ſeitdem Chriſtus als Welterlöſer in den Tod ge⸗
219 1116 422 1190 gangen iſt.
318 1170 1496 1246 Schließen wir: die drei Grundlehren des Chriſtenthums, welche
219 1230 1496 1300 die Ausſage Chriſti enthält, ſind zwar Geheimniſſe, aber keine Un⸗
217 1285 1496 1360 möglichkeiten. Die Dreieinigkeit iſt das Geheimniß des göttlichen
221 1348 1496 1410 Seins und Lebens, die Menſchwerdung das Geheimniß der göttlichen
221 1414 1494 1474 Allmacht, die Erlöſung das Geheimniß der göttlichen Liebe. Weit ent⸗
219 1459 1492 1536 fernt, die Ausſage Chriſti unglaublich zu machen, tragen ſie unverkenn⸗
213 1515 902 1587 bar das Gepräge der Gottheit in ſich.
304 1573 1496 1645 Die menſchliche Vernunft vermag nur zwei Arten von Lehren
217 1627 1492 1707 aus ſich ſelbſt aufzuſtellen: nachweisbar falſche, widerſinnige,
221 1693 1496 1759 wenn ſie irrt, oder rein vernünftige, der Vernunft einfachhin
221 1742 1494 1815 angemeſſene, wenn ſie nach den richtigen Denkgeſetzen verfährt; über
221 1802 1494 1866 ſich hinauszugehen vermag ſie nicht. Nun aber ſind jene drei Grund⸗
219 1858 1496 1922 lehren trotz aller Verſuche im Verlaufe von achtzehn Jahrhunderten
221 1916 1494 1986 noch nie als widerſinnig nachgewieſen worden; andererſeits ſind
219 1974 1494 2038 ſie nicht ſchlechthin der Vernunft der Menſchen angemeſſen, da alle
221 2026 1498 2100 Jene, die ſie feſthalten, dieſelben als Geheimniß glauben: ſie ſind alſo
219 2079 1496 2156 über die Vernunft erhaben; alſo nicht eine menſchliche Erfindung,
223 2137 1498 2214 ſondern Offenbarungen eines Geiſtes, der Gottes innerſtes Weſen nnd
219 2199 1496 2276 Leben, Gottes Allmacht und Liebe vollkommen kennt, und dieſer Geiſt
217 2249 910 2336 kann kein anderer als Gott ſelbſt ſein.
