1521 2481
831 60 889 115 16
219 148 1496 212 vor ſeine ingrimmigſten Feinde hintreten und ihnen zurufen: Wer von
219 202 1496 270 euch will mich einer Sünde zeihen? Seine Feinde ſuchen mit argliſtigſter
221 262 1494 332 Bosheit falſche Zeugen gegen Ihn, Er aber iſt auf der ganzen Welt
217 318 1492 382 der einzige zum Tode Verurtheilte, von welchem ſein Richter öffentlich
217 374 1494 438 erklärt: Ich finde keine Schuld an ihm. — Er ſteht vor den Augen
215 427 1494 496 der Menſchheit gütig und mild ohne Schwäche, eifernd für Wahrheit
217 494 1492 558 und Recht ohne Unduldſamkeit, feſt und beharrlich ohne Starrheit,
215 556 1494 614 demüthig und beſcheiden ohne Kriecherei, geduldig und ergeben ohne
219 601 1492 669 Ermattung, ohne Härte. Wie läßt Er ſich zu den Kleinen, den Schwa⸗
217 659 1494 721 chen, den Armen, den Leidenden, den armen Sündern herab! Mit
217 711 1492 783 welcher Kraft tritt Er gegen den Übermuth der Mächtigen auf! Mit
219 777 1492 841 welcher Entſchiedenheit entlarvt Er die ſtolzen, heuchleriſchen Phariſäer!
217 824 1492 893 Welch' eine Conſequenz, welch' ein Ebenmaß in allen ſeinen Handlun⸗
219 893 1492 961 gen! Welch' eine Weisheit in allen ſeinen Antworten! Wie macht Er
215 951 1494 1011 alle Hinterliſt ſeiner Feinde zu Schanden! Und wenn wir gar ſein
215 1002 1492 1066 Leiden und Sterben betrachten: ſteht Er wohl vor uns als ein bloßer
217 1058 1492 1124 Menſch? — Wenn Gott in Menſchengeſtalt auf Erden wandeln will,
215 1118 1324 1176 kann Er gotteswürdiger ſich uns darſtellen, als in Chriſtus?
306 1164 1489 1240 Jedoch, was brauchen wir uns über den ſittlichen Charakter Chriſti
211 1221 1492 1290 weiter auszulaſſen? Seine Feinde ſtimmen hierin mit uns vollkommen
217 1279 1496 1343 überein. Sie läugnen ſeine Gottheit und bekennen ſich doch als ſeine
215 1337 1489 1401 Bewunderer, Anhänger, Jünger, wegen ſeiner Weisheit und Heilig⸗
213 1393 1489 1463 keit. Er iſt ihnen, obwohl nur Menſch, der große Weiſe von Nazareth,
213 1451 1489 1523 der große Reformator, der größte Wohlthäter der Menſchheit, der
213 1511 1489 1575 weiſeſte und heiligſte der Menſchen. Um nur Einen von ihnen anzu⸗
213 1567 1492 1637 führen, Friedrich David Strauß, der ſo Vieles geſchrieben gegen die
217 1625 1489 1693 Gottheit Chriſti, ſagt, wenn man auch die Gottheit Chriſti abläugne,
211 1682 1489 1755 „ſo bleibe Ihm doch im Tempel des Genies und der Humanität der
211 1736 1494 1806 erſte Platz vorbehalten, als dem unerreichbaren, nie zu übertreffenden
213 1792 645 1864 Ideale ſittlicher Größe.“
297 1848 1494 1912 Wenn aber dem ſo iſt, ſo frage ich: War Chriſtus ſittlich ver⸗
217 1906 1489 1976 worfen genug, um ſich die Gottheit anzumaßen, oder wahnſinnig genug,
215 1966 893 2032 um ſich einzubilden, Er ſei Gott? —
678 2069 1020 2139 Die Lehre Chriſti.
300 2133 1492 2197 Dieſe zerfällt in Glaubens⸗ und in Sittenlehre. Die Moral des
217 2187 1492 2263 Evangeliums zu preiſen iſt überflüſſig; denn Jene, welche Chriſtum für
219 2243 1489 2334 einen bloßen Menſchen halten, erheben dieſelbe unbedingt über die Leh⸗
