<?xml version="1.0" encoding="UTF-8"  standalone="yes"?>
<PcGts xmlns="http://schema.primaresearch.org/PAGE/gts/pagecontent/2019-07-15" xmlns:xsi="http://www.w3.org/2001/XMLSchema-instance" xsi:schemaLocation="http://schema.primaresearch.org/PAGE/gts/pagecontent/2019-07-15 http://schema.primaresearch.org/PAGE/gts/pagecontent/2019-07-15/pagecontent.xsd">
  <Metadata externalRef="http://idb.ub.uni-tuebingen.de/opendigi/image/stml_1872_02/stml_1872_02_00025.jp2/full/full/0/default.jpg">
	<Creator>escriptorium</Creator>
	<Created>2022-02-23T19:09:10.368680+00:00</Created>
        <LastChange>2022-02-23T19:09:10.368695+00:00</LastChange>
  </Metadata>
  <Page imageFilename="24_ea698_default.jpg" imageWidth="1520" imageHeight="2481">
    <TextRegion id="eSc_textblock_cfe4b3d8"  >
      <Coords points="709,146 653,138 670,90 717,99 709,146"/>
      <TextLine id="eSc_line_6cb3755a" >
        <Coords points="657,138 649,101 674,82 674,82 676,82 676,82 678,82 678,82 678,82 680,82 709,84 715,134 713,144 657,155"/>
        <Baseline points="657,138 715,134"/>
        <TextEquiv>
          <Unicode>19</Unicode>
        </TextEquiv>
      </TextLine>
    </TextRegion>
    <TextRegion id="eSc_textblock_44aa708d"  >
      <Coords points="1346,2346 1149,2354 1083,2387 1065,2354 66,2330 49,190 1338,206 1346,2346"/>
      <TextLine id="eSc_line_171a374f" >
        <Coords points="49,227 47,181 1323,177 1325,231 1323,246 49,246"/>
        <Baseline points="49,227 1325,231"/>
        <TextEquiv>
          <Unicode>Leidenſchaften lieber als Gott dienen, wird es Heiden geben. Das</Unicode>
        </TextEquiv>
      </TextLine>
      <TextLine id="eSc_line_25c1e7be" >
        <Coords points="53,285 53,231 188,243 376,235 469,233 471,233 471,233 473,233 473,233 473,233 475,233 475,233 481,237 490,246 512,239 525,235 527,235 527,235 529,235 920,248 922,289 918,308 442,297 349,299 90,305 88,305 88,305 86,305 47,293"/>
        <Baseline points="53,285 922,289"/>
        <TextEquiv>
          <Unicode>Chriſtenthum aber iſt die Religion des Kreuzes.</Unicode>
        </TextEquiv>
      </TextLine>
      <TextLine id="eSc_line_ac23eb06" >
        <Coords points="136,345 136,299 450,303 461,295 467,291 467,291 469,291 469,291 469,291 471,291 471,291 473,291 473,291 475,291 496,295 527,303 550,295 566,289 566,289 568,289 568,289 570,289 570,289 570,289 601,295 641,303 665,295 680,289 680,289 682,289 682,289 684,289 684,289 684,289 686,289 686,289 686,289 696,295 715,303 779,293 814,289 814,289 816,289 816,289 816,289 818,289 818,289 829,293 852,303 870,293 878,289 878,289 878,289 880,289 880,289 880,289 883,289 883,289 885,289 885,289 885,289 887,289 891,293 907,303 945,293 945,293 947,293 947,293 947,293 949,293 949,293 951,293 1015,303 1031,291 1034,289 1034,289 1036,289 1036,289 1036,289 1038,289 1038,289 1040,289 1160,289 1160,289 1160,289 1162,289 1162,289 1162,289 1164,289 1164,289 1164,291 1166,291 1174,299 1323,291 1325,345 1325,353 136,361"/>
        <Baseline points="136,345 1325,345"/>
        <TextEquiv>
          <Unicode>Will man es an ſeiner Dauerhaftigkeit offenbar als Gottes Wort</Unicode>
        </TextEquiv>
      </TextLine>
      <TextLine id="eSc_line_ffea4fb0" >
        <Coords points="51,401 43,363 62,349 62,349 64,349 64,349 64,349 66,349 66,349 68,349 130,349 130,349 130,349 132,349 132,349 132,349 134,349 134,349 148,361 231,349 231,349 233,349 645,361 645,361 645,361 694,347 696,347 696,347 698,347 698,347 698,347 701,347 742,359 804,347 804,347 804,347 806,347 806,347 806,347 862,359 899,347 899,347 901,347 901,347 903,347 1321,361 1325,396 1323,409 51,413"/>
        <Baseline points="51,401 1325,396"/>
        <TextEquiv>
          <Unicode>erkennen, ſo vergleiche man es mit den philoſophiſchen Syſtemen aller</Unicode>
        </TextEquiv>
      </TextLine>
      <TextLine id="eSc_line_42502d5b" >
        <Coords points="51,454 51,411 1325,417 1327,458 1325,467 51,469"/>
        <Baseline points="51,454 1327,458"/>
        <TextEquiv>
          <Unicode>der erhabenſten Weltweiſen aller Länder, aller Zeiten. Was iſt die</Unicode>
        </TextEquiv>
      </TextLine>
      <TextLine id="eSc_line_3620c60d" >
        <Coords points="53,514 51,475 1323,469 1325,514 1323,527 51,525"/>
        <Baseline points="53,514 1325,514"/>
        <TextEquiv>
          <Unicode>Geſchichte der Philoſophie anders als eine Art camera obscura, wo</Unicode>
        </TextEquiv>
      </TextLine>
      <TextLine id="eSc_line_b67ce8ec" >
        <Coords points="51,566 51,514 117,529 161,518 163,518 163,518 165,518 165,518 165,518 167,518 167,518 192,531 345,531 368,518 368,518 368,518 370,518 370,518 372,518 372,518 479,533 732,533 773,518 775,518 775,518 775,518 777,518 777,518 777,518 779,518 779,518 781,518 802,531 843,521 845,521 845,521 847,521 847,521 847,521 914,533 957,521 959,521 959,521 959,521 961,521 961,521 961,521 963,521 963,521 990,533 1011,521 1013,521 1013,521 1015,521 1015,521 1017,521 1135,521 1135,521 1135,521 1137,521 1178,533 1195,521 1197,521 1197,521 1197,521 1199,521 1199,521 1199,521 1201,521 1201,521 1201,521 1203,521 1203,521 1230,533 1242,521 1242,521 1244,521 1244,521 1244,521 1247,521 1247,521 1249,521 1323,521 1325,572 1321,585 49,583"/>
        <Baseline points="51,566 1325,572"/>
        <TextEquiv>
          <Unicode>uns ein Syſtem nach dem andern entrollt wird; wo das folgende ſtets</Unicode>
        </TextEquiv>
      </TextLine>
      <TextLine id="eSc_line_80122b6c" >
        <Coords points="53,624 53,576 138,587 1323,585 1327,628 1323,638 51,634"/>
        <Baseline points="53,624 1327,628"/>
        <TextEquiv>
          <Unicode>das vorhergehende widerlegt und umſtürzt? Um nur auf unſere jüngſte</Unicode>
        </TextEquiv>
      </TextLine>
      <TextLine id="eSc_line_e2f6b5a3" >
        <Coords points="53,686 51,636 136,647 165,634 169,634 169,634 171,634 171,634 173,634 173,634 188,634 268,645 328,636 328,636 330,636 330,636 332,636 378,647 498,634 510,634 510,634 512,634 512,634 514,634 514,634 514,634 517,634 517,634 517,634 529,647 684,647 744,634 756,632 756,632 756,632 758,632 758,632 761,632 761,632 767,634 792,645 862,634 880,632 880,632 883,632 883,632 883,632 885,632 885,632 885,632 887,632 889,634 905,647 953,647 965,634 965,634 965,632 965,632 967,632 967,632 967,632 969,632 969,632 969,632 971,632 971,632 974,632 982,634 1027,645 1093,634 1108,632 1108,632 1110,632 1110,632 1110,632 1112,632 1118,634 1160,645 1178,634 1178,632 1180,632 1180,632 1180,632 1182,632 1182,632 1184,632 1184,632 1184,632 1187,632 1187,632 1187,632 1189,632 1189,634 1207,645 1319,634 1325,682 1321,705 51,698"/>
        <Baseline points="53,686 1325,682"/>
        <TextEquiv>
          <Unicode>Vergangenheit in Deutſchland hinzuweiſen: mit welchem Enthuſiasmus</Unicode>
        </TextEquiv>
      </TextLine>
      <TextLine id="eSc_line_858ad161" >
        <Coords points="53,738 53,696 1325,705 1327,744 1325,754 926,764 924,764 924,764 922,764 922,764 895,754 893,754 53,754"/>
        <Baseline points="53,738 1327,744"/>
        <TextEquiv>
          <Unicode>wurde nicht die Philoſophie Kant&#39;s aufgenommen? Kant lebte noch,</Unicode>
        </TextEquiv>
      </TextLine>
      <TextLine id="eSc_line_3f913803" >
        <Coords points="55,793 57,742 117,758 299,746 301,746 304,746 304,746 304,746 306,746 306,746 355,758 407,748 415,746 415,746 415,746 417,746 417,746 434,748 525,762 794,762 806,754 812,748 812,748 814,748 814,748 814,748 816,748 816,748 818,748 818,748 818,748 847,754 874,760 891,754 909,748 909,748 912,748 912,748 914,748 914,748 916,748 916,748 938,756 947,758 953,756 980,748 982,748 982,748 982,748 984,748 984,748 986,748 986,748 1011,756 1015,758 1036,758 1141,750 1143,750 1143,750 1143,750 1145,750 1145,750 1145,750 1147,750 1160,760 1164,760 1176,760 1298,750 1300,750 1300,750 1300,750 1302,750 1302,750 1302,750 1325,762 1325,802 1321,820 51,806"/>
        <Baseline points="55,793 1325,802"/>
        <TextEquiv>
          <Unicode>und wer nicht Fichtianer wurde, war kein Mann des Fortſchritts;</Unicode>
        </TextEquiv>
      </TextLine>
      <TextLine id="eSc_line_af62fe58" >
        <Coords points="55,858 55,806 246,806 246,806 246,806 246,806 248,806 248,806 248,806 250,806 264,816 306,806 308,806 308,806 308,806 310,806 310,806 310,806 310,806 312,806 312,806 312,806 335,818 548,818 562,806 562,806 564,806 564,806 564,806 566,806 566,806 566,806 568,806 568,806 568,806 568,806 628,816 715,806 715,806 715,806 717,806 717,806 717,806 802,818 928,818 938,808 938,806 938,806 940,806 940,806 940,806 943,806 943,806 943,806 945,806 945,806 945,806 945,806 947,806 980,816 1011,806 1013,806 1013,806 1013,806 1013,806 1015,806 1017,806 1199,816 1213,806 1213,806 1216,806 1216,806 1216,806 1218,806 1218,806 1218,806 1220,806 1220,806 1220,806 1220,806 1280,816 1329,806 1331,858 1331,868 55,868"/>
        <Baseline points="55,858 1331,858"/>
        <TextEquiv>
          <Unicode>Fichte lebte noch, und wer ſich nicht mit Leib und Seele dem Hegel</Unicode>
        </TextEquiv>
      </TextLine>
      <TextLine id="eSc_line_eda9c2d7" >
        <Coords points="55,911 55,860 148,872 304,872 316,862 316,860 316,860 318,860 318,860 318,860 320,860 320,860 320,860 322,860 322,860 324,860 324,860 324,860 326,860 326,862 343,870 432,862 463,860 465,860 465,860 465,860 479,862 519,872 651,872 663,864 670,860 672,860 672,860 674,860 674,860 674,860 676,860 676,860 678,860 678,860 678,860 680,860 680,860 684,864 696,872 756,864 781,862 781,862 783,862 1329,870 1331,915 1327,924 53,920"/>
        <Baseline points="55,911 1331,915"/>
        <TextEquiv>
          <Unicode>in die Arme warf, zählte nicht zu den Gebildeten; bald aber gelang</Unicode>
        </TextEquiv>
      </TextLine>
      <TextLine id="eSc_line_f1d10ed9" >
        <Coords points="55,969 47,936 59,924 59,922 59,922 62,922 62,922 62,922 64,922 64,922 66,922 66,922 66,922 68,922 101,932 124,922 124,922 124,922 126,922 126,922 128,922 432,932 475,920 477,920 477,920 477,920 479,920 479,920 479,920 481,920 481,920 506,930 533,920 533,920 535,920 535,920 537,920 537,920 537,920 539,920 539,920 539,920 541,920 541,920 554,930 661,920 661,920 663,920 897,930 1005,917 1005,917 1007,917 1007,917 1009,917 1009,917 1038,928 1058,917 1058,917 1058,917 1060,917 1060,917 1062,917 1062,917 1062,917 1116,928 1300,917 1302,917 1302,917 1302,917 1304,917 1304,917 1329,930 1331,963 1329,975 55,982"/>
        <Baseline points="55,969 1331,963"/>
        <TextEquiv>
          <Unicode>es Schelling, dem Hegel eine mächtige Concurrenz zu machen. Die⸗</Unicode>
        </TextEquiv>
      </TextLine>
      <TextLine id="eSc_line_9f560d7e" >
        <Coords points="55,1027 51,984 204,975 206,975 206,975 283,984 314,986 335,984 386,975 386,975 388,975 388,975 388,975 390,975 390,975 392,975 392,975 403,984 407,988 579,988 593,984 632,975 632,975 632,975 634,975 634,975 634,975 676,984 688,986 696,984 719,975 719,975 721,975 721,975 723,975 723,975 825,984 829,984 831,984 843,973 843,973 845,973 845,973 845,973 847,973 847,973 849,973 1017,973 1017,973 1017,973 1019,973 1050,984 1073,973 1073,973 1073,973 1075,973 1075,973 1075,973 1077,973 1077,973 1143,984 1143,984 1143,984 1184,973 1187,973 1187,973 1189,973 1189,973 1189,973 1191,973 1191,973 1218,984 1242,973 1242,973 1244,973 1244,973 1244,973 1247,973 1247,973 1329,986 1333,1023 1331,1037 696,1037 692,1044 690,1046 688,1046 688,1048 688,1048 686,1048 686,1048 686,1048 684,1048 684,1048 682,1048 473,1046 76,1039 59,1050"/>
        <Baseline points="55,1027 1333,1023"/>
        <TextEquiv>
          <Unicode>ſen mächtigen Geiſtern aber gelang es, die Philoſophie für einige Zeit</Unicode>
        </TextEquiv>
      </TextLine>
      <TextLine id="eSc_line_74bd1bf1" >
        <Coords points="57,1083 57,1046 153,1046 153,1044 169,1033 171,1033 171,1033 171,1033 173,1033 173,1033 175,1033 175,1033 175,1033 177,1033 177,1033 177,1033 196,1044 210,1033 213,1033 213,1033 213,1033 215,1033 215,1033 215,1033 217,1033 217,1033 297,1044 299,1046 450,1046 450,1044 461,1035 461,1033 461,1033 463,1033 463,1033 463,1033 465,1033 465,1033 467,1033 467,1033 552,1044 558,1046 686,1046 688,1044 701,1033 701,1033 703,1033 703,1033 705,1033 705,1033 705,1033 707,1033 707,1033 709,1033 748,1044 752,1046 885,1046 885,1044 895,1035 895,1033 895,1033 897,1033 897,1033 897,1033 899,1033 899,1033 901,1033 1333,1044 1333,1083 1333,1095 57,1095"/>
        <Baseline points="57,1083 1333,1083"/>
        <TextEquiv>
          <Unicode>wenigſtens in ſolchen Mißcredit zu bringen, daß leider Viele von einem</Unicode>
        </TextEquiv>
      </TextLine>
      <TextLine id="eSc_line_7d2a8cb6" >
        <Coords points="59,1141 57,1091 299,1099 312,1091 314,1089 314,1089 316,1089 316,1089 316,1089 318,1089 318,1089 320,1089 614,1089 614,1089 614,1089 651,1095 688,1099 823,1099 829,1095 841,1087 843,1087 843,1087 845,1087 845,1087 845,1087 847,1087 847,1087 847,1087 849,1087 849,1087 852,1087 852,1087 862,1095 864,1097 872,1095 912,1087 912,1087 912,1087 914,1087 914,1087 916,1087 951,1097 957,1099 1114,1099 1114,1097 1125,1089 1125,1087 1125,1087 1127,1087 1127,1087 1127,1087 1129,1087 1129,1087 1129,1087 1131,1087 1282,1097 1296,1087 1296,1087 1298,1087 1298,1087 1298,1087 1300,1087 1300,1087 1302,1087 1302,1087 1302,1087 1304,1087 1304,1087 1333,1099 1335,1137 1333,1153 59,1153"/>
        <Baseline points="59,1141 1335,1137"/>
        <TextEquiv>
          <Unicode>Studium der Philoſophie Nichts mehr hören wollten. Die Lehrgebäude</Unicode>
        </TextEquiv>
      </TextLine>
      <TextLine id="eSc_line_46f9abf8" >
        <Coords points="59,1195 59,1153 1335,1155 1335,1195 1333,1213 57,1207"/>
        <Baseline points="59,1195 1335,1195"/>
        <TextEquiv>
          <Unicode>auch der erhabenſten Menſchengeiſter ſind hinfällig, wie ſie ſelber. Nur</Unicode>
        </TextEquiv>
      </TextLine>
      <TextLine id="eSc_line_f3d79439" >
        <Coords points="57,1248 59,1203 103,1213 146,1203 150,1203 150,1203 150,1203 153,1203 153,1203 161,1203 225,1215 330,1215 345,1205 347,1203 349,1203 349,1203 349,1203 351,1203 351,1203 351,1203 353,1203 353,1203 355,1203 368,1205 399,1213 419,1207 430,1203 430,1203 432,1203 432,1203 434,1203 434,1203 434,1203 452,1207 483,1213 517,1207 554,1201 554,1201 556,1201 556,1201 556,1201 593,1209 620,1213 647,1209 694,1201 694,1201 696,1201 696,1201 696,1201 742,1209 771,1215 924,1211 1296,1203 1298,1203 1298,1203 1300,1203 1300,1203 1338,1217 1338,1252 1333,1263 55,1259"/>
        <Baseline points="57,1248 1338,1252"/>
        <TextEquiv>
          <Unicode>die Wahrheit aus Gottes Munde bleibt ewig. Sie allein auch iſt für</Unicode>
        </TextEquiv>
      </TextLine>
      <TextLine id="eSc_line_b0cd2a89" >
        <Coords points="57,1310 57,1265 475,1271 483,1267 490,1261 490,1261 492,1261 492,1261 494,1261 494,1261 494,1261 496,1261 496,1261 498,1261 523,1267 539,1271 572,1267 630,1261 630,1261 632,1261 632,1261 634,1261 634,1261 634,1261 636,1261 636,1261 636,1263 643,1267 647,1273 719,1273 734,1269 771,1261 771,1261 771,1261 773,1261 773,1261 773,1261 814,1269 827,1271 862,1269 996,1261 998,1261 998,1261 1081,1271 1087,1271 1091,1271 1129,1261 1131,1261 1131,1261 1133,1261 1133,1261 1253,1271 1306,1261 1306,1261 1306,1261 1309,1261 1309,1261 1311,1261 1311,1261 1340,1273 1338,1310 1338,1321 57,1323"/>
        <Baseline points="57,1310 1338,1310"/>
        <TextEquiv>
          <Unicode>die Menſchen wahrhaft fruchtbringend, Wort des Lebens. Nehmen wir</Unicode>
        </TextEquiv>
      </TextLine>
      <TextLine id="eSc_line_8fe2b570" >
        <Coords points="57,1364 59,1314 103,1327 144,1316 146,1316 146,1316 148,1316 148,1316 148,1316 208,1329 351,1329 363,1316 363,1316 363,1316 366,1316 366,1316 366,1316 368,1316 368,1316 368,1316 370,1316 370,1316 380,1316 446,1327 554,1319 599,1316 601,1316 777,1319 777,1319 777,1319 779,1319 779,1319 779,1319 785,1323 800,1329 862,1323 905,1319 905,1319 907,1319 907,1319 907,1319 909,1319 924,1323 943,1329 959,1325 978,1319 980,1319 980,1319 980,1319 982,1319 982,1319 984,1319 1007,1325 1029,1329 1052,1325 1087,1319 1087,1319 1087,1319 1089,1319 1335,1329 1338,1368 1335,1376 698,1387 696,1387 696,1387 622,1376 616,1376 57,1376"/>
        <Baseline points="57,1364 1338,1368"/>
        <TextEquiv>
          <Unicode>die Lehren eines Plato, eines Ariſtoteles, welche alle andern Syſteme</Unicode>
        </TextEquiv>
      </TextLine>
      <TextLine id="eSc_line_a4cd5790" >
        <Coords points="59,1424 57,1381 332,1372 335,1372 335,1372 403,1381 432,1385 438,1381 452,1372 454,1372 454,1372 457,1372 457,1372 457,1372 459,1372 459,1372 459,1372 504,1383 521,1385 541,1383 593,1374 593,1374 595,1374 595,1374 595,1374 597,1374 597,1374 618,1383 624,1385 636,1383 674,1374 674,1374 674,1374 676,1374 816,1383 847,1385 852,1383 878,1372 878,1372 880,1372 880,1372 880,1372 883,1372 883,1372 885,1372 885,1372 885,1372 887,1372 901,1385 905,1387 982,1387 984,1385 994,1374 994,1372 994,1372 996,1372 996,1372 996,1372 998,1372 998,1372 1000,1372 1104,1372 1104,1372 1104,1372 1176,1385 1176,1385 1176,1385 1205,1372 1205,1372 1207,1372 1207,1372 1207,1372 1209,1372 1209,1372 1211,1372 1211,1372 1211,1372 1236,1385 1292,1372 1292,1372 1292,1372 1294,1372 1294,1372 1294,1372 1296,1372 1340,1387 1338,1424 1338,1434 59,1445"/>
        <Baseline points="59,1424 1338,1424"/>
        <TextEquiv>
          <Unicode>menſchlicher Philoſophie ſo weit überragen und heute noch unſere ge⸗</Unicode>
        </TextEquiv>
      </TextLine>
      <TextLine id="eSc_line_81459cd3" >
        <Coords points="59,1480 59,1441 698,1443 709,1443 765,1432 765,1432 767,1432 767,1432 767,1432 769,1432 769,1432 769,1432 787,1443 789,1443 796,1443 845,1432 845,1432 845,1432 847,1432 847,1432 922,1443 930,1443 938,1443 1042,1432 1042,1432 1044,1432 1044,1432 1108,1443 1112,1443 1114,1443 1184,1432 1184,1432 1187,1432 1187,1432 1187,1432 1240,1443 1290,1432 1290,1432 1290,1432 1292,1432 1292,1432 1294,1432 1342,1445 1340,1480 1340,1490 59,1492"/>
        <Baseline points="59,1480 1340,1480"/>
        <TextEquiv>
          <Unicode>rechte Bewunderung erregen; was haben ſie zur ſittlichen Reform der</Unicode>
        </TextEquiv>
      </TextLine>
      <TextLine id="eSc_line_955fbe97" >
        <Coords points="62,1534 62,1482 210,1496 301,1484 304,1484 304,1484 306,1484 306,1484 308,1484 413,1498 529,1498 566,1486 572,1484 574,1484 574,1484 576,1484 576,1484 605,1486 725,1501 874,1501 907,1488 920,1486 922,1486 922,1486 924,1486 924,1486 924,1486 926,1486 926,1486 934,1490 957,1498 990,1490 1007,1486 1009,1486 1009,1486 1011,1486 1110,1486 1110,1486 1110,1486 1112,1486 1112,1486 1112,1486 1114,1486 1114,1486 1118,1490 1127,1498 1143,1492 1156,1486 1156,1486 1158,1486 1158,1486 1158,1486 1160,1486 1160,1486 1162,1486 1182,1492 1207,1498 1220,1492 1228,1486 1230,1486 1230,1486 1232,1486 1232,1486 1232,1486 1234,1486 1340,1494 1340,1538 1338,1548 715,1558 713,1558 713,1558 624,1548 126,1556 124,1556 124,1556 59,1544"/>
        <Baseline points="62,1534 1340,1538"/>
        <TextEquiv>
          <Unicode>Menſchheit beigetragen? Wie ſchön, wie erhaben ſpricht ſich Plato</Unicode>
        </TextEquiv>
      </TextLine>
      <TextLine id="eSc_line_592b26c6" >
        <Coords points="62,1589 62,1544 144,1556 306,1546 345,1544 347,1544 347,1544 347,1544 361,1546 399,1554 442,1548 467,1544 467,1544 469,1544 469,1544 469,1544 471,1544 471,1544 481,1548 504,1556 527,1548 539,1544 539,1544 541,1544 541,1544 543,1544 543,1544 593,1550 661,1558 928,1558 943,1552 978,1544 980,1544 980,1544 982,1544 982,1544 982,1544 984,1544 984,1544 984,1544 986,1544 998,1554 1005,1558 1087,1558 1098,1554 1143,1546 1143,1546 1143,1546 1145,1546 1145,1546 1147,1546 1147,1546 1172,1556 1174,1556 1174,1556 1191,1544 1193,1544 1193,1544 1193,1544 1195,1544 1195,1544 1197,1544 1284,1544 1284,1544 1284,1544 1286,1544 1335,1558 1338,1596 1333,1608 59,1606"/>
        <Baseline points="62,1589 326,1600 1338,1596"/>
        <TextEquiv>
          <Unicode>über die Gottheit aus! Hat er es aber vermocht, nicht etwa ſeine Nation,</Unicode>
        </TextEquiv>
      </TextLine>
      <TextLine id="eSc_line_59452726" >
        <Coords points="62,1647 62,1598 155,1616 233,1616 260,1602 260,1602 260,1602 262,1602 262,1602 262,1602 264,1602 264,1602 266,1602 266,1602 266,1602 293,1616 392,1616 407,1604 407,1602 407,1602 409,1602 409,1602 409,1602 411,1602 411,1602 411,1602 413,1602 413,1602 415,1602 415,1602 415,1602 417,1602 417,1604 436,1614 477,1606 477,1606 477,1606 479,1606 479,1606 479,1606 529,1616 541,1606 541,1606 543,1606 543,1606 543,1606 543,1606 545,1606 545,1606 548,1606 548,1606 548,1606 550,1606 550,1606 550,1606 550,1606 552,1606 552,1606 552,1608 562,1618 758,1618 773,1610 783,1602 785,1602 785,1602 787,1602 787,1602 787,1602 789,1602 789,1602 792,1602 827,1610 837,1612 845,1610 880,1602 883,1602 883,1602 885,1602 885,1602 885,1602 887,1602 887,1602 889,1602 889,1602 889,1602 899,1612 901,1614 909,1612 934,1604 936,1604 936,1604 936,1604 938,1604 938,1604 938,1604 982,1612 1000,1616 1015,1614 1052,1606 1052,1606 1052,1606 1054,1606 1054,1606 1054,1606 1056,1606 1056,1606 1058,1606 1058,1606 1058,1606 1067,1614 1071,1618 1075,1614 1087,1606 1089,1606 1089,1606 1089,1606 1091,1606 1091,1606 1093,1606 1093,1606 1093,1606 1096,1606 1096,1606 1116,1614 1141,1604 1141,1604 1143,1604 1143,1604 1145,1604 1317,1604 1317,1604 1317,1604 1319,1604 1319,1604 1319,1604 1321,1604 1321,1604 1338,1618 1335,1654 1329,1674 1300,1664 994,1664 963,1672 955,1674 953,1674 953,1674 953,1674 951,1674 951,1674 949,1674 940,1672 907,1664 866,1672 860,1672 860,1672 860,1672 858,1672 858,1672 856,1672 856,1672 856,1672 854,1672 854,1672 854,1672 854,1670 843,1662 742,1670 721,1672 721,1674 488,1674 485,1672 485,1672 483,1672 483,1672 483,1672 477,1670 459,1660 436,1670 434,1670 434,1670 432,1670 432,1670 432,1670 430,1670 430,1670 428,1670 423,1670 386,1660 370,1668 366,1670 366,1670 366,1670 363,1670 363,1670 361,1670 361,1670 361,1670 351,1668 304,1660 291,1668 289,1670 287,1670 287,1670 287,1670 285,1670 285,1670 283,1670 57,1666"/>
        <Baseline points="62,1647 1335,1654"/>
        <TextEquiv>
          <Unicode>ſondern auch nur ein Dorf, auch nur eine Familie von der Anbetung</Unicode>
        </TextEquiv>
      </TextLine>
      <TextLine id="eSc_line_db55ad02" >
        <Coords points="62,1705 62,1656 190,1658 190,1658 190,1658 192,1658 192,1658 192,1658 194,1658 194,1658 210,1672 368,1672 407,1658 409,1658 409,1658 409,1658 411,1658 411,1658 411,1658 413,1658 413,1658 444,1672 591,1672 672,1658 672,1658 672,1658 674,1658 674,1658 674,1658 674,1658 676,1658 676,1658 676,1658 705,1674 874,1674 897,1660 899,1660 899,1660 901,1660 901,1660 901,1660 903,1660 903,1660 903,1660 905,1660 905,1660 934,1674 1015,1674 1034,1660 1036,1660 1036,1660 1036,1660 1038,1660 1038,1660 1038,1660 1040,1660 1040,1660 1127,1672 1151,1660 1151,1660 1151,1660 1153,1660 1153,1660 1156,1660 1242,1660 1253,1660 1253,1660 1253,1660 1253,1660 1255,1660 1255,1660 1290,1672 1335,1660 1340,1709 1340,1718 1302,1730 1300,1730 1300,1730 1300,1730 1298,1730 1298,1730 1296,1730 1296,1730 1296,1730 1294,1730 1278,1720 971,1730 969,1730 852,1720 812,1730 810,1730 810,1730 810,1730 808,1730 808,1730 806,1730 806,1730 775,1720 738,1730 736,1730 736,1730 734,1730 610,1728 610,1728 610,1728 608,1728 608,1728 605,1728 605,1728 593,1718 539,1728 539,1728 539,1730 140,1730 138,1728 138,1728 59,1716"/>
        <Baseline points="62,1705 1340,1709"/>
        <TextEquiv>
          <Unicode>der ſchändlichſten Götzen zur Anbetung des einen wahren Gottes zu</Unicode>
        </TextEquiv>
      </TextLine>
      <TextLine id="eSc_line_da25e925" >
        <Coords points="62,1759 59,1716 159,1716 159,1716 159,1716 161,1716 161,1716 161,1716 161,1716 186,1728 206,1716 208,1716 208,1716 208,1716 210,1716 210,1716 210,1716 213,1716 213,1716 215,1716 215,1716 215,1716 246,1728 260,1716 262,1713 262,1713 264,1713 264,1713 264,1713 266,1713 266,1713 268,1713 268,1713 268,1713 270,1713 279,1716 318,1728 341,1716 347,1713 347,1713 347,1713 349,1713 349,1713 349,1713 351,1713 351,1713 353,1713 353,1713 361,1716 394,1728 517,1718 537,1716 539,1716 539,1716 560,1718 667,1728 686,1718 698,1711 698,1711 698,1711 701,1711 701,1711 703,1711 800,1711 800,1711 800,1711 802,1711 802,1711 802,1711 804,1711 812,1718 825,1726 864,1718 901,1711 901,1711 901,1711 903,1711 903,1711 905,1711 905,1711 905,1711 907,1711 907,1711 907,1713 916,1720 924,1726 947,1720 967,1713 969,1713 969,1713 969,1713 971,1713 971,1713 1007,1720 1048,1726 1067,1720 1087,1711 1087,1711 1089,1711 1089,1711 1091,1711 1176,1711 1176,1711 1176,1711 1178,1711 1178,1711 1178,1711 1180,1711 1180,1711 1191,1720 1199,1726 1335,1722 1342,1763 1342,1780 62,1780"/>
        <Baseline points="62,1759 411,1771 1342,1763"/>
        <TextEquiv>
          <Unicode>bekehren? Wie beredt ſprechen nicht ein Sokrates, ein Cicero, ein</Unicode>
        </TextEquiv>
      </TextLine>
      <TextLine id="eSc_line_f35565b2" >
        <Coords points="62,1821 62,1775 254,1784 301,1778 337,1771 337,1771 339,1771 339,1771 417,1778 496,1784 550,1780 620,1771 620,1771 622,1771 622,1771 624,1771 651,1780 665,1786 852,1786 860,1782 889,1771 891,1771 891,1771 891,1771 893,1771 893,1771 895,1771 895,1771 895,1771 897,1771 912,1782 916,1784 924,1782 967,1771 969,1771 969,1771 971,1771 971,1771 971,1771 974,1771 974,1771 974,1771 996,1782 998,1784 1007,1782 1060,1773 1060,1773 1060,1773 1062,1773 1062,1773 1122,1784 1129,1784 1139,1784 1306,1771 1309,1771 1309,1771 1309,1771 1311,1771 1311,1771 1342,1786 1340,1821 1340,1835 62,1835"/>
        <Baseline points="62,1821 1340,1821"/>
        <TextEquiv>
          <Unicode>Epiktet, ein Seneka, ein Mark Aurel, von allen Tugenden und Pflich⸗</Unicode>
        </TextEquiv>
      </TextLine>
      <TextLine id="eSc_line_8df76849" >
        <Coords points="64,1875 62,1829 221,1829 221,1829 221,1829 223,1829 223,1829 225,1829 258,1842 291,1829 293,1829 293,1829 295,1829 295,1829 297,1829 297,1829 308,1829 397,1844 521,1844 529,1831 529,1831 531,1831 531,1829 531,1829 533,1829 533,1829 535,1829 535,1829 535,1829 537,1829 601,1831 758,1840 792,1833 823,1827 823,1827 823,1827 825,1827 825,1827 825,1827 827,1827 847,1833 868,1840 905,1833 947,1827 947,1827 949,1827 949,1827 949,1827 951,1827 974,1833 990,1840 1005,1835 1019,1829 1019,1829 1021,1829 1021,1829 1023,1829 1023,1829 1089,1835 1120,1838 1122,1835 1133,1827 1133,1825 1133,1825 1135,1825 1135,1825 1135,1825 1137,1825 1137,1825 1139,1825 1139,1825 1139,1825 1141,1825 1141,1825 1166,1835 1172,1838 1191,1835 1267,1825 1267,1825 1269,1825 1269,1825 1335,1838 1340,1877 1338,1887 976,1900 974,1900 62,1893"/>
        <Baseline points="64,1875 392,1885 1340,1877"/>
        <TextEquiv>
          <Unicode>ten des Menſchen? Haben ſie es vermocht, ihr Volk oder auch nur ihre</Unicode>
        </TextEquiv>
      </TextLine>
      <TextLine id="eSc_line_d7f5b6f1" >
        <Coords points="64,1933 62,1887 128,1885 130,1885 130,1885 132,1885 132,1885 132,1885 134,1885 136,1887 153,1897 173,1887 177,1885 177,1885 177,1885 179,1885 179,1885 181,1885 181,1885 181,1885 184,1885 192,1887 231,1897 264,1887 277,1885 279,1885 279,1885 281,1885 281,1885 281,1885 283,1885 293,1889 322,1897 349,1889 355,1887 357,1887 357,1887 357,1887 359,1887 465,1889 715,1897 730,1891 748,1885 748,1885 750,1885 750,1885 750,1885 752,1885 752,1885 802,1893 833,1897 870,1893 943,1885 943,1885 945,1885 945,1885 947,1885 947,1885 947,1885 965,1895 974,1897 1000,1895 1062,1887 1062,1887 1065,1887 1065,1887 1065,1887 1106,1895 1116,1897 1118,1895 1133,1885 1135,1885 1135,1885 1135,1885 1137,1885 1137,1885 1137,1885 1139,1885 1139,1885 1234,1895 1315,1885 1315,1885 1317,1885 1317,1885 1317,1885 1319,1885 1319,1885 1319,1885 1321,1885 1340,1897 1340,1931 1338,1945 64,1947"/>
        <Baseline points="64,1933 777,1941 1340,1931"/>
        <TextEquiv>
          <Unicode>eigene Familie (Nichts zu ſagen von ihnen ſelbſt) von der tiefſten ſitt⸗</Unicode>
        </TextEquiv>
      </TextLine>
      <TextLine id="eSc_line_f8953e03" >
        <Coords points="64,1986 62,1943 194,1943 194,1943 194,1943 196,1943 196,1943 196,1943 227,1955 366,1943 409,1941 411,1941 411,1941 411,1941 430,1945 471,1955 655,1955 672,1945 678,1943 678,1943 678,1943 680,1943 680,1943 680,1943 682,1943 682,1943 684,1943 698,1947 730,1953 951,1953 965,1947 994,1939 996,1939 996,1939 996,1939 998,1939 998,1939 1056,1949 1065,1949 1065,1949 1081,1937 1083,1937 1083,1937 1083,1937 1085,1937 1085,1937 1085,1937 1087,1937 1087,1937 1089,1937 1089,1937 1120,1949 1122,1949 1129,1949 1195,1939 1195,1939 1197,1939 1197,1939 1335,1951 1340,1988 1338,1999 1056,2013 1054,2013 1054,2013 1054,2013 994,2003 994,2003 992,2003 732,2015 730,2015 730,2015 730,2015 667,2005 628,2015 626,2015 626,2015 626,2015 624,2015 496,2005 481,2005 471,2005 376,2017 376,2017 374,2017 62,2007"/>
        <Baseline points="64,1986 361,1999 1340,1988"/>
        <TextEquiv>
          <Unicode>lichen Verſunkenheit zu erheben? Wie ganz anders Chriſtus und ſeine</Unicode>
        </TextEquiv>
      </TextLine>
      <TextLine id="eSc_line_ac05e735" >
        <Coords points="64,2040 62,1999 161,1999 161,1999 161,1999 163,1999 163,1999 163,1999 165,1999 165,1999 165,2001 177,2013 217,1999 217,1999 219,1999 219,1999 221,1999 337,1999 337,1999 337,1999 339,1999 339,1999 339,1999 341,1999 341,1999 359,2013 413,2003 413,2003 413,2003 415,2003 415,2003 417,2003 417,2003 444,2013 494,2001 496,2001 496,2001 498,2001 498,2001 498,2001 500,2001 500,2001 500,2001 502,2001 502,2001 514,2013 603,2013 622,1997 622,1997 624,1997 624,1997 624,1997 626,1997 626,1997 628,1997 628,1997 628,1997 709,2011 748,2001 750,2001 750,2001 752,2001 752,2001 752,2001 754,2001 754,2001 754,2001 756,2001 756,2001 756,2003 767,2011 876,2011 905,1997 905,1997 907,1997 907,1997 907,1997 909,1997 909,1997 1007,2009 1067,1995 1069,1995 1069,1995 1069,1995 1071,1995 1242,2007 1333,1993 1340,2044 1338,2053 1259,2065 1259,2065 1257,2065 1257,2065 1257,2065 1255,2065 1255,2065 1230,2055 1187,2069 1184,2069 1184,2069 1184,2069 1182,2069 1029,2057 856,2069 854,2069 854,2069 854,2069 852,2069 852,2069 852,2069 849,2069 849,2069 837,2059 823,2069 823,2071 821,2071 821,2071 821,2071 818,2071 818,2071 818,2073 754,2073 752,2071 752,2071 750,2071 750,2071 750,2071 748,2071 732,2059 705,2071 705,2071 705,2071 703,2071 703,2071 701,2071 62,2061"/>
        <Baseline points="64,2040 432,2057 1340,2044"/>
        <TextEquiv>
          <Unicode>Lehre! Chriſtus tritt nicht auf als lang geſchulter Weltweiſe; ſeine</Unicode>
        </TextEquiv>
      </TextLine>
      <TextLine id="eSc_line_809fba61" >
        <Coords points="66,2100 64,2057 494,2067 556,2059 583,2057 583,2057 585,2057 585,2057 585,2057 601,2061 622,2065 628,2061 632,2057 632,2055 632,2055 634,2055 634,2055 634,2055 636,2055 636,2055 639,2055 639,2055 639,2055 641,2055 659,2061 676,2067 926,2067 940,2063 984,2053 984,2053 984,2053 986,2053 1282,2063 1313,2053 1313,2053 1315,2053 1315,2053 1317,2053 1317,2053 1317,2053 1319,2053 1319,2053 1321,2053 1321,2053 1338,2065 1338,2104 1335,2123 66,2123"/>
        <Baseline points="66,2100 337,2112 1338,2104"/>
        <TextEquiv>
          <Unicode>Vorträge haben keinen Anſtrich tiefſinniger Schulweisheit. Wie einfach,</Unicode>
        </TextEquiv>
      </TextLine>
      <TextLine id="eSc_line_af1b6776" >
        <Coords points="66,2152 64,2110 192,2115 192,2115 192,2115 194,2115 194,2115 196,2115 215,2127 293,2110 297,2110 297,2110 297,2110 299,2110 299,2110 301,2110 301,2110 357,2127 386,2112 386,2112 386,2112 388,2112 388,2112 388,2112 390,2112 390,2112 392,2112 446,2127 485,2115 488,2115 488,2115 488,2115 490,2115 490,2115 490,2115 492,2115 529,2127 560,2117 560,2117 562,2117 562,2117 564,2117 564,2117 564,2117 566,2117 603,2129 779,2129 789,2119 789,2117 789,2117 792,2117 792,2117 792,2117 794,2117 794,2117 794,2117 796,2117 796,2117 866,2127 883,2115 883,2115 885,2115 885,2115 885,2115 887,2115 887,2115 889,2115 889,2115 889,2115 891,2115 891,2115 920,2127 938,2115 940,2115 940,2115 940,2115 943,2115 943,2115 945,2115 945,2115 945,2115 947,2115 947,2115 949,2115 967,2127 986,2112 988,2110 988,2110 990,2110 990,2110 990,2110 992,2110 992,2110 994,2110 994,2110 994,2110 996,2110 996,2110 996,2110 1000,2112 1023,2125 1056,2112 1062,2110 1062,2110 1065,2110 1065,2110 1067,2110 1067,2110 1067,2110 1069,2110 1069,2110 1075,2112 1104,2127 1127,2112 1129,2110 1131,2110 1131,2110 1131,2110 1133,2110 1133,2110 1135,2110 1135,2110 1135,2110 1137,2110 1137,2110 1137,2110 1139,2110 1139,2110 1141,2112 1156,2125 1182,2112 1195,2108 1195,2108 1197,2108 1197,2108 1197,2108 1199,2108 1335,2115 1340,2160 1335,2177 64,2175"/>
        <Baseline points="66,2152 457,2170 1340,2160"/>
        <TextEquiv>
          <Unicode>wie anſpruchslos ſind ſie! Aber wie gehen ſie ſo direct, ſo tief in&#39;s</Unicode>
        </TextEquiv>
      </TextLine>
      <TextLine id="eSc_line_eae59ca0" >
        <Coords points="68,2214 66,2168 157,2168 157,2168 157,2168 159,2168 159,2168 159,2168 161,2168 161,2168 173,2179 225,2168 225,2168 225,2168 227,2168 227,2168 229,2168 229,2168 229,2168 231,2168 258,2185 454,2175 457,2175 457,2175 554,2185 626,2166 628,2166 630,2166 630,2166 632,2166 632,2166 634,2166 634,2166 636,2166 682,2185 808,2185 829,2168 829,2168 831,2168 831,2168 833,2168 833,2168 833,2168 835,2168 835,2168 837,2168 837,2168 874,2183 990,2183 1079,2166 1093,2164 1093,2164 1096,2164 1096,2164 1116,2166 1255,2181 1269,2168 1269,2168 1271,2168 1271,2168 1271,2168 1273,2168 1273,2168 1273,2168 1333,2166 1340,2218 1335,2234 66,2232"/>
        <Baseline points="68,2214 366,2226 1340,2218"/>
        <TextEquiv>
          <Unicode>Herz! Wie tragen ſie ſo unmittelbar den Beweis der Wahrheit in ſich!</Unicode>
        </TextEquiv>
      </TextLine>
      <TextLine id="eSc_line_9584ee6e" >
        <Coords points="68,2268 68,2224 148,2237 237,2224 241,2224 241,2224 244,2224 244,2224 244,2224 246,2224 246,2224 246,2224 277,2239 485,2239 500,2224 500,2224 500,2224 502,2224 502,2224 502,2224 504,2224 504,2224 504,2224 506,2224 506,2224 508,2224 512,2224 558,2237 601,2226 603,2226 603,2226 605,2226 605,2226 605,2226 608,2226 608,2226 610,2226 610,2226 624,2237 750,2226 773,2224 775,2224 775,2224 775,2224 785,2226 839,2237 874,2226 880,2224 883,2224 883,2224 883,2224 885,2224 885,2224 903,2226 980,2237 1019,2226 1029,2224 1031,2224 1031,2224 1034,2224 1034,2224 1034,2224 1036,2224 1036,2224 1036,2224 1042,2226 1060,2237 1079,2226 1085,2224 1085,2224 1085,2224 1087,2224 1087,2224 1087,2224 1089,2224 1089,2224 1108,2226 1172,2237 1331,2228 1338,2278 1335,2290 208,2299 206,2299 66,2286"/>
        <Baseline points="68,2268 428,2284 1338,2278"/>
        <TextEquiv>
          <Unicode>Wie wohlthuend, wie beſeligend ſind ſie! Er ſpricht wie Einer, der ſich</Unicode>
        </TextEquiv>
      </TextLine>
      <TextLine id="eSc_line_5b33067e" >
        <Coords points="66,2321 66,2323 74,2287 292,2301 444,2309 446,2309 448,2309 523,2313 583,2317 591,2313 610,2296 612,2296 614,2296 694,2290 696,2290 698,2290 701,2290 713,2303 742,2288 744,2288 746,2288 748,2288 779,2303 808,2288 810,2288 812,2288 897,2299 912,2288 914,2288 916,2288 1110,2286 1112,2286 1114,2286 1162,2301 1174,2305 1178,2301 1193,2288 1193,2286 1195,2286 1197,2286 1199,2286 1335,2299 1340,2330 1335,2361 1199,2346 1066,2355 1065,2361 1062,2361 1058,2361 992,2348 959,2361 953,2363 951,2363 949,2363 914,2361 823,2352 696,2359 599,2365 597,2365 595,2365 593,2365 593,2363 587,2359 579,2350 562,2359 550,2365 548,2365 548,2367 432,2367 430,2365 428,2365 426,2365 417,2359 407,2352 399,2359 392,2363 392,2365 390,2365 388,2365 386,2365 384,2365 382,2365 372,2359 359,2352 250,2352 235,2359 219,2365 217,2365 215,2365 213,2365 194,2359 179,2352 66,2356"/>
        <Baseline points="68,2323 226,2337 543,2342 1342,2332"/>
        <TextEquiv>
          <Unicode>ſeiner Auctorität vollkommen bewußt iſt: Er ſpricht als Einer, dem der</Unicode>
        </TextEquiv>
      </TextLine>
    </TextRegion>
    <TextRegion id="eSc_dummyblock_">
      <TextLine id="eSc_line_3ced4a3f" >
        <Coords points="1085,2381 1084,2346 1126,2345 1127,2380 1116,2404 1085,2404"/>
        <Baseline points="1085,2381 1116,2381"/>
        <TextEquiv>
          <Unicode>2*</Unicode>
        </TextEquiv>
      </TextLine>
    </TextRegion>
  </Page>
</PcGts>
