1520 2481
647 82 709 161 23
655 204 694 264 I.
128 270 1317 330 Mit Recht ſagt Jacobſon in Herzog, Real⸗Encyklopädie für pro⸗
39 316 1313 394 teſtantiſche Theologie und Kirche (XI, 752), daß „die Päpſte fortwäh⸗
41 374 1313 450 rend gegen das Placet proteſtirt“ haben. Zum Beweiſe für dieſe Be⸗
41 430 1315 508 hauptung können wir uns auf viele päpſtliche Erlaſſe¹ berufen. Dazu
39 489 1313 562 kommt, wie ſchon bemerkt, die faſt einſtimmig ſowohl von Biſchöfen
41 545 1311 607 der ſogen. Majorität als Minorität gebilligte Beſtimmung des vatica⸗
41 603 1309 665 niſchen Decretes über das Placet. Pius IX. durfte angeſichts ſo vieler
37 655 1309 731 päpſtlichen Erlaſſe in ſeiner Allocution über das öſterreichiſche Concor⸗
41 715 1313 787 dat ſagen, die falſche, verkehrte und höchſt unheilvolle Meinung von
41 775 1313 837 der Nothwendigkeit des Placet ſei vom apoſtoliſchen Stuhl ſtets ver⸗
39 827 1311 909 worfen und verdammt worden. Was hiergegen angeführt wird, iſt
37 874 322 961 nicht ſtichhaltig.
122 942 1306 1017 Benedict XIV. machte allerdings 1742 an Sardinien das Zuge⸗
33 996 1306 1073 ſtändniß, daß er eine „einfache Einſichtsnahme“ ohne Beiſetzung
35 1060 1304 1132 eines Zeichens oder Decretes bei päpſtlichen Erlaſſen, wovon er jedoch
37 1110 1309 1195 die dogmatiſchen, die Ablaß⸗ und Jubiläums⸗Bullen, die Reſcripte der
37 1170 1309 1238 Pönitentiarie und die Schreiben der Congregationen ausnahm, toleriren
33 1226 1315 1310 wolle²; aber dieſe „einfache Einſichtsnahme“ iſt, wie oben bemerkt, weit
37 1277 454 1366 vom Placet verſchieden.
639 1364 703 1445 II.
117 1422 1311 1490 Auch mit dem Herkommen ſieht es nicht ſo günſtig aus, wie
31 1480 1306 1552 viele Anhänger des Placet glauben. Manche betrachten dasſelbe gar
33 1540 1302 1608 als einen Theil des allgemeinen in der Natur gegründeten Völkerrechts³.
31 1589 1300 1670 Der Naturinſtinkt, der zu ſolchem Herkommen Alle getrieben, hätte ſich
31 1649 1300 1722 aber bei dieſer Vorausſetzung in ſehr ſpäten Zeiten geregt, nachdem
31 1703 1141 1784 das Chriſtenthum ſchon viele Jahrhunderte gegründet worden.
113 1759 1304 1838 Bei der Prüfung des Alters des Placet müſſen wir Manches aus⸗
31 1817 1306 1900 ſcheiden, was gar nichts beweist⁴. So iſt es allerdings im Mittelalter
119 1931 1309 1999 Clementis XI. Const. Novo semper, 29. Jov. 1714, und Const.
31 1976 1304 2053 Accepimus, 11. Januar. 1715; Clementis XIII. Const. Alias ad Aposto-
37 2017 1302 2092 latus, 30. Januar. 1760; Pii IX. Const. Probe nostis, 9. Maji 1853,
31 2053 428 2127 Syllab. thes. 41. 49. 50.
117 2106 1077 2172 Hergenröther im Archiv für katholiſches Kirchenrecht. XI. 262.
122 2152 1304 2232 Febronius, de statu Ecclesiae (Append. I. n. 24. ad c. IX. § 8): Ad-
33 2193 1031 2270 seribunt Pragmatici jus hoc placeti regii passim juri Gentium.
128 2234 1300 2317 „Zur Geſchichte des Placet“ hat Dr. Papius einen trefflichen Artikel im Archiv
33 2274 709 2365 für Kirchenrecht, XVIII. 261 ff., geſchrieben.
