1520 2481
779 74 843 134 30
167 167 1445 235 mit Unrecht; denn der Kaiſer iſt in der Kirche, nicht über der Kirche¹.
167 217 1447 291 Der heilige Biſchof betrachtet die gegentheilige Annahme als etwas ganz
167 277 1449 357 Unerhörtes, das ebenſo ſehr dem Worte Gottes, als der Geſchichte wider⸗
169 337 330 405 ſpreche².
258 390 1449 463 In der That, ſieht man auf die nächſte unmittelbare Folge des
165 444 1451 514 Eintrittes in die Kirche, ſo iſt klar, daß man dadurch der kirchlichen
173 502 1449 570 Auctorität unterworfen wird, nicht aber das Recht erhält, durch das
171 562 1451 634 Placet über alle Erlaſſe dieſer Auctorität ſchalten zu können; und vollends
167 616 1449 686 iſt es eine unerträgliche Heuchelei der Gallicaner, daß der König als
167 674 1451 750 höchſter Schutzherr die Canones, d. i. die Anordnungen der kirchlichen
175 731 1025 800 Auctorität, gegen dieſe ſelbſt zu ſchützen habe.
254 789 1449 860 Doch genug hiervon, da man heutzutage andere Gründe, nämlich
165 849 1449 913 die unveräußerlichen Kron⸗ und Staatsrechte, gegen uns in's Feld führt.
256 903 1451 969 Wir wollen die modernen Gegner zuerſt vom chriſtlichen Stand⸗
169 959 1453 1033 punkte widerlegen. Derſelbe iſt wenigſtens in jenen Staaten, in welchen
173 1017 998 1083 das Placet gegenwärtig noch gilt, maßgebend.
262 1070 1453 1137 Das Placet kommt, wenn es ſich aus den weſentlichen Rechten des
173 1124 1453 1197 Staates ergibt, auch jüdiſchen und heidniſchen Obrigkeiten zu; denn
175 1184 1451 1257 das Staatsweſen, und was daraus folgt, iſt eine Forderung der Natur,
173 1240 1056 1306 alſo unabhängig von der geoffenbarten Religion.
262 1296 1455 1362 Es entſteht hiernach die Frage: hat Chriſtus bei der Sendung der
175 1356 1455 1426 Apoſtel dieſe an die Fürſten gewieſen, um von ihnen Genehmigung zur
177 1416 1455 1484 Verkündigung der chriſtlichen Religion und ihrer Geſetze zu erhalten?
177 1469 1457 1534 Doch welche Frage? Wo iſt auch nur die geringſte Spur eines ſolchen
179 1536 1457 1591 Auftrages zu finden? Chriſtus ſelbſt hat das Placet vom heidniſchen
175 1594 1455 1649 Landpfleger oder dem jüdiſchen Hohen Rath ebenſo wenig für die Ver⸗
175 1641 1457 1711 kündigung ſeiner Lehren und Geſetze, als für ſeine Wunder und ſeine
177 1701 1457 1765 Auferſtehung erbettelt. Überall ſtellt Er ſeine Kirche und die in ihr
177 1757 1453 1827 geltende Auctorität als unabhängig hin; Er nennt ſie darum König⸗
175 1813 1455 1877 reich, und gerade die Gründung eines ſolchen Reiches mit einer ſou⸗
173 1877 1457 1943 veränen (königlichen) Gewalt bot ja den plauſibeln Vorwand zur An⸗
173 1924 1455 1995 klage dar. Chriſtus läugnete nicht, daß Er ein König ſei (Joh. 18,
177 1980 1457 2050 36, 37.), und ſomit heftete man den Königstitel als Grund ſeiner Hin⸗
173 2040 1460 2106 richtung an's Kreuz. Er wollte aber, daß die Apoſtel mit derſelben
175 2096 1460 2168 unabhängigen Freiheit in der Gründung und Regierung der Kirche
252 2239 1344 2309 ¹ Sermo contra Maxentium c. 36. Opp. Ed. Venet. 1751. III. 926.
252 2278 630 2356 ² Ep. 21. III. 909 seq.
