1520 2481
663 68 725 142 35
146 165 1331 233 Sehen wir von den radicalen zum Bisthum Baſel gehörenden
59 208 1329 291 Kantonen ab, ſo haben, als das Placet 1848 unter den Trümmern des
66 272 1331 355 Polizeiſtaates begraben wurde, wohl nirgends die Staatsmänner, Herrn
59 334 1329 407 v. Lutz einbegriffen, ſich ſolche Mühe gegeben, dasſelbe zum Leben zu
59 390 1331 463 erwecken, als in Bayern. Deshalb kommen uns die Worte des Herrn
59 440 1333 525 Cultusminiſters vor wie der ärgerliche Ruf eines Arztes, der nach un⸗
59 500 1331 576 ſäglichen Mühen für einen Patienten ſich endlich vom Tode desſelben
59 562 1327 630 überzeugt. Wir ſtimmen aus vollem Herzen in dieſen Grabesruf ein:
59 614 436 692 Requiescat in pace.
132 676 1333 744 „Offen geſtanden,“ ſagt Herr v. Lutz im deutſchen Reichstag, „ich bin kein
59 723 1325 787 Freund, ſondern ein entſchiedener Gegner von Inſtituten, wie das placetum regium
62 760 1325 824 und der recursus ab abusu. (Bewegung.) Dieſer Meinung huldige ich nicht aus⸗
59 802 1329 868 ſchließlich, ja nicht einmal vorwiegend deßhalb, weil ich die Ohnmacht des Staates
59 851 1331 922 auf dieſem Gebiete anerkenne. Freilich halte ich es für ſehr heilſam, ſich dieſe Ohn⸗
68 893 1325 969 macht zu vergegenwärtigen, und ſich vor Augen zu halten, daß es nicht möglich iſt,
62 940 1331 1008 von Seiten der weltlichen Regierung eine Macht zu üben über die Gewiſſen, daß es
62 984 1329 1044 dem Staate nicht zukommen kann, Nachlaß der Sünden zu erzwingen, wo er vom
59 1027 1329 1091 Diener der Kirche verweigert wird, die feierliche Trauung zu erzwingen, wo man ſie
59 1079 1329 1139 aus kirchlichen Rückſichten verweigern zu müſſen glaubt und ſo weiter. Aber ich bin
59 1120 1327 1188 der Anſicht, daß man das placetum regium und ähnliche Sachen nicht weiter ver⸗
62 1164 1329 1219 folgen ſoll, weil ſie mit den Principien des Staates, mit den Principien des viel⸗
59 1209 1325 1273 geſchmähten modernen Staates geradezu unvereinbar ſind. Der Staat muß ſich ſelbſt
64 1252 1327 1316 treu bleiben, auch wo er ſeine Gegner bekämpft. Der moderne Staat ſchreibt auf
62 1292 1331 1366 ſeine Fahne die Gewiſſensfreiheit. Daraus folgt, daß kein Cultusminiſter das reli⸗
59 1345 1325 1405 giöſe Glaubensbekenntniß irgend einer Religions⸗Geſellſchaft orthopädiſch behandeln kann.
62 1381 1327 1453 (Sehr gut!) Daraus folgt, daß kein Cultusminiſter beſtimmen kann, wer als Mitglied
62 1428 1331 1496 einer Kirchengemeinde anzuerkennen iſt und wer nicht. Daraus folgt, daß kein Cultus⸗
64 1472 1329 1538 miniſter beſtimmen kann, wer geiſtliche Funktionen vornehmen darf und wer nicht.
64 1515 1333 1587 (Sehr gut!) Das gebe ich Alles zu. Auch hier bekenne ich mich, wie ich es bereits
68 1565 1331 1618 an einem anderen Orte gethan, zu dem Satze, daß der Kirche jene Freiheit einge⸗
66 1604 1333 1674 räumt werden muß, welche die Conſequenz der modernen Staatstheorie iſt, und welche
64 1651 1153 1722 ſie im Kampfe gegen die Inſtitution des placetum regium verlangt hat.
934 1716 1244 1792 G. Schneemann.
328 1988 1052 2067 Die Internationale in Italien.
146 2156 1327 2226 Je ſchwächer und unvolksthümlicher eine Regierung iſt, deſto ge⸗
66 2203 1327 2290 fährlicher für ſie wird jede ſocialiſtiſche Bewegung, deſto mehr wird das
70 2248 1327 2359 Land von dem internationalen Arbeiterbunde in den Kreis der Berech⸗
1069 2323 1114 2418 3*
