1520 2481
682 39 738 140 41
74 142 1348 206 Kriege mit dem Arbeiter. Die heutigen Capitaliſten ſind die Nachfolger der Sklaven⸗
76 186 1348 239 beſitzer des Alterthums und der Lehensherren des Mittelalters. Nachdem ſie uns zu
80 229 1346 285 verführen geſucht durch den Lug und Trug ihrer vorgeblichen ökonomiſchen Wiſſen⸗
78 272 1346 332 ſchaft, welche ganz zu ihren Gunſten angelegt iſt, ſehen ſie ſich zum Rückzuge genö⸗
76 320 1348 378 thigt vor dem geſunden Sinne der Arbeiterclaſſe, welche hinter ſich das wahre ökono⸗
80 363 1350 419 miſche Geſetz der Arbeit hat. Ein einziges Actionsmittel blieb ihnen noch, die brutale
76 407 1348 463 Gewalt. So ſehen ſich dieſe Herren mit allen ihren Vortheilen des Wohlſtandes, der
78 444 1350 514 Erziehung, einer Jahrhunderte zählenden Civiliſation, darauf beſchränkt, mit der
78 496 1350 554 offenen Gewalt und dem Elende den vernünftigen Gedankengang armer un⸗
76 537 1350 597 gelehrter Arbeiter, welche noch kein klares Bewußtſein ihrer Menſchenrechte haben, zu
82 585 1350 640 bekämpfen. — Aber die Erfahrung iſt längſt gemacht; allenthalben bilden die Arbeiter
78 624 1348 688 Vereine, ſie organiſiren ſich, um ſich über ihre traurige Lage und über die Mittel,
78 671 1350 736 wie ſie ſich von der modernen Sklaverei befreien können, zu verſtändigen. Mögen
78 719 1350 777 die gegenwärtigen Regierungen den Arbeiter mehr oder weniger unterdrücken, ſo ſind
78 758 1352 816 ſie ſelbſt doch immer unter dem Drucke der bewegenden und herrſchenden Macht der
76 804 1352 868 privilegirten Minderheit in der heutigen Geſellſchaft, d. h. des Capitals. Die jetzigen
82 847 1352 905 Regierungen finden immer Mittel und Wege, ſich zu Gunſten des letzteren gegen die
80 893 1354 953 Arbeit und den Arbeiter auszuſprechen, und vermittelſt der beſtehenden und für die
78 938 1354 994 Bourgeoiſie gemachten Geſetze laſſen ſie verhaften, einkerkern, verbannen, wie in
78 979 1352 1039 Frankreich, niederſchießen, wie in Belgien. — Aber eitle Anſtrengungen! Nutzloſer
78 1021 1354 1083 Widerſtand! Niemals hat die Verblendung der Regierungen und der begünſtigten
78 1070 1350 1132 Claſſen die Menſchheit am Voranſchreiten hindern können. Was liegt an ihren bru⸗
78 1116 1354 1178 talen und grimmigen Mitteln, womit ſie uns aus der Geſellſchaft bannen wollen!
80 1159 1356 1221 Gar nichts. Die Herrſchaft dieſer uns ausbeutenden Halunken (de ces tripoteurs et
78 1203 1352 1263 exploiteurs) wird bald zu Ende ſein, denn wir nähern uns einem ſocialen Zuſtande,
80 1244 1354 1302 wo Platz für Alle ſein wird, Platz für alle Arbeiter, welche ehrlich von der Frucht ihrer
82 1290 1354 1350 Arbeit leben wollen; aber keiner für Jene, die es auf fremde Koſten thun möchten.
84 1337 1358 1397 — Muth, Brüder! — Die Unbilden, Verleumdungen, Verfolgungen, Niederlagen
80 1379 1354 1443 können uns nicht fehlen; aber die Arbeitermacht, die vereinigten Männer, die ſich
82 1420 1356 1478 für Wiedereroberung ihrer Menſchen⸗ und bürgerlichen Rechte mit Bewußtſein erheben,
80 1467 1358 1525 werden alle Hinderniſſe, beſonders durch die unbeſiegbare Kraft einer neuſchaffenden
80 1511 1356 1579 Idee gegen die capitaliſtiſche Coalition, niederzuwerfen wiſſen. — Dann werden wir,
88 1560 1356 1618 die armen und von der Menſchheit enterbten Arbeiter, ſagen, daß es für ſie keine
84 1596 1358 1666 Amneſtie mehr geben kann, weil ſie ihrerſeits nie ein Zugeſtändniß
84 1641 1358 1703 für uns machen wollten. Wir wollen alſo die Geſellſchaft auf die Grundſätze
86 1689 1358 1747 der Gerechtigkeit, der Menſchlichkeit, der gleichen Rechte und Pflichten für Alle gründen.
82 1734 1358 1790 Jene Empfindungen ſind nicht nur die unſrigen, ſondern auch die aller Genfer Inter⸗
80 1775 1358 1844 nationalen, die aller Tauſende unſerer Brüder in der ganzen Welt. Die Regierungen
84 1819 1360 1887 ſollen nur mit ihren Brutalitäten und ungeſetzlichen Mitteln fortfahren; wir hingegen
86 1866 1356 1937 werden immerfort die geſammte Arbeitermacht weiter organiſiren, und an irgend einem
88 1910 1358 1982 Tage werden wir unſere Rechnungen ausgleichen, indem wir die neue Geſellſchaft auf
90 1953 1356 2022 Grund der Gerechtigkeit und Gleichheit für Alle aufrichten. — Unterdeſſen glaubten
86 1997 1354 2067 wir euch dieſe wenigen Zeilen ſenden zu ſollen zum Danke für eure feſte Haltung
86 2038 1360 2112 vor unſern gemeinſamen Gegnern. Empfanget unſeren Brudergruß nebſt der Hoff⸗
86 2088 1360 2158 nung auf den Erfolg der heiligen Arbeiterverbindung. — Es lebe die Internationale!
130 2133 1358 2222 Im Namen der verſammelten italieniſchen Centralſection zu Genf, gez Präſid.
84 2158 508 2243 Roſetti, Sekr. G. Galino.“¹
163 2241 992 2350 ¹ Mirabeau vom 17. April 1870. O. Testut, p. 260.
