1520 2481
783 -4 843 169 52
175 198 1455 258 Punkten ſind auch die Gegner der Kirche vollſtändig mit uns einver⸗
173 243 1453 318 ſtanden. Denn, daß ſie genau ſo rechnen, wie wir, das zeigt der
173 305 1451 374 Kriegsplan, den ſie entworfen: Die Schule, ſo rechnen ſie, muß ihres
173 359 1455 430 confeſſionellen, namentlich ihres katholiſchen Charakters entkleidet, die
173 415 1457 496 Kinder aber müſſen zu ihrem Beſuche gezwungen werden, und es hat
177 473 1457 549 die letzte Stunde der katholiſchen Kirche geſchlagen. „Laßt uns nur
177 539 1460 601 die Schulen,“ ſo erklärte offen ein Jünger Hegels, „euere hierarchiſche
175 587 1455 657 Einrichtung laſſen wir euch gern. Iſt das Katholiſche im Herzen des
177 640 1096 717 Volkes erlöſcht, ſo fällt die Hierarchie von ſelbſt.“¹
260 698 1457 777 In der That, dieſe Rechnung iſt richtig! Ja, wenn nur Schul⸗
177 762 1457 824 monopol und Schulzwang zur Verfügung ſtehen, ſo bedarf es nicht
179 812 1449 884 einmal confeſſionsloſer Schulen; es genügt, daß man „confeſſionsloſe“
173 872 1460 940 Lehrer heranbildet und anſtellt. Denn wem die Confeſſion „ein über⸗
179 934 1460 1000 wundener Standpunkt“ iſt, wer ſeinen Glauben verloren hat, wird in
181 992 1462 1052 der Regel nicht allzuviel Ehrfurcht vor dem Glauben der Kinder, die
179 1044 1464 1108 er erzieht, an den Tag legen. Man denke ſich einfach einen „con⸗
179 1101 1462 1172 feſſionsloſen“ Lehrer, der von einer kirchenfeindlichen Regierung nach
181 1151 1464 1221 ihrer Weiſe im Staats⸗Schullehrerſeminar herangebildet und der be⸗
179 1209 1464 1277 treffenden Gemeinde aufgezwungen wird; man ſtelle ſich ihn vor
184 1269 1464 1339 gegenüber einer Jugend von Knaben und Mädchen, die vielleicht bis
184 1333 1462 1397 zum 14. oder 15. Jahre polizeilich in die Schule gezwungen werden,
186 1391 1468 1453 um ſtundenlang von ihm ihre geiſtige Nahrung zu empfangen! Wie er
186 1445 1464 1513 mit Gravität die Begriffe und „Vorurtheile“ der Kinder berichtigt,
186 1496 1468 1565 bald offener, bald verdeckter, je nachdem er mehr oder weniger Rück⸗
186 1565 1468 1622 ſichten zu nehmen hat, den Glauben unterminirt, wie er die neuen
186 1614 1466 1676 Entdeckungen eines Darwin vorträgt, wie er gelegentlich den „beſchränk⸗
190 1678 1468 1730 ten Standpunkt“ des alten Pfarrers mitleidig lächelnd bedauert, beim
190 1734 1466 1792 Rechnen ſeine Bedenken äußert über die Dreieinigkeit, und im Geſchichts⸗
188 1788 1470 1846 unterricht mit Vorliebe von Finſterniſſen, Mißbräuchen und Irrthümern
188 1838 1470 1908 der katholiſchen Kirche des Mittelalters redet! Man ſtelle ſich vor,
181 1893 1470 1959 wie die Kinder aufmerkſam zuhören; denn der Lehrer kann von
188 1951 1472 2024 vielen intereſſanten Dingen erzählen, weiß auch den Kindern etwas in
186 2007 1470 2081 den Kopf zu ſetzen, und, ohne es zu wiſſen, ſaugen dieſe das Gift des
186 2065 1472 2137 Stolzes und des Zweifels ein. Mögen immerhin die Eltern und der
190 2121 1468 2201 Pfarrer außerhalb der Schule auf Religion halten, — ein Witz des
266 2261 1468 2317 ¹ Äußerung des Miniſters von Altenſtein; ſiehe: Denkſchrift des Erzbiſchofs von
190 2313 1468 2379 Freiburg, die Reform des Schulweſens betreffend. Freiburg, 1863. S. 20, Anm. 1.
