1528 2481
1430 198 1511 243 Seite
231 229 1505 281 Dr. L. Brentano, Die Arbeitergilden der Gegenwart. I. Bd. (R. Bauer S. J.) 442
237 270 1387 332 Dr. J. Langen, Das Vaticaniſche Dogma von dem Univerſal⸗Epiſcopat und
349 310 1509 372 der Unfehlbarkeit des Papſtes. II. Theil. (R. Cornely S. J.) . 452. 551
233 353 1389 419 Dr. J. Fehr, Staat und Kirche im fränkiſchen Reiche bis auf Karl den
349 401 1505 456 Großen. (Fl. Rieß S. J.) . . . . . . . . 547
233 442 1505 510 Dr. J. Jungmann, S. J., Gefahren belletriſtiſcher Lectüre. (J. D.) . . 550
785 549 965 599 Miscellen.
308 616 1511 669 Ein philoſophiſcher Handlanger der Proteſtkatholiken S. 83. Dr. Friedrich und
231 653 1509 715 das Secretum pontificium S. 85. Dr. Friedrichs Tagebuch S. 86. Die Geſellſchaft
237 705 1511 760 Jeſu in China S. 89. Der Kindermord in Indien S. 179. Dr. Frohſchammer's
239 744 1511 795 Excommunicationsbulle S. 182. „Der Abfall der Niederlande“, von Dr. Holzwarth
239 791 1511 843 S. 183. Literariſches S. 185, 460. Prof. v. Holtzendorff, Ritter v. Schulte und Prediger
239 839 1513 895 Lisco S. 271. Ein überflüſſiger Vertheidiger des Papſtes Innocenz III. S. 273.
239 878 1509 932 Schweizer Proteſtkatholicismus S. 274. Zur häuslichen Einrichtung der Neuprote⸗
241 926 1511 982 ſtanten S. 275. Zur Chriſtianiſirung der Bühne S. 277. Deutſche Zeit⸗ und Streit⸗
239 967 1511 1027 fragen S. 366. Curioſa aus dem amerikaniſchen Sectenleben der Gegenwart S. 367, 557.
243 1011 1509 1068 Unſere liebe Frau vom Siege S. 371. Urtheile über den Proteſtkatholicismus S. 371.
239 1048 1509 1124 Jesuitica S. 373. Die amerikaniſchen Staatsſchulen S. 455. Die römiſchen Kata⸗
239 1093 804 1176 komben S. 459. Ruſſiſches S. 555.
866 101 893 165 IV
