1520 2481
829 66 893 128 60
223 157 1499 225 herauszuleſen. Wir wollen es thun, indem wir ſofort die Erziehungs⸗
227 217 837 287 frage beſonders in's Auge faſſen.
310 268 1499 334 5. Wem gebührt alſo nach der Natur der Sache das
223 330 860 399 Recht der Jugenderziehung?
306 380 1503 446 Frei trat der erſte Menſch in's Daſein, und frei wird er auch
227 438 1503 510 jetzt noch geboren, ſoweit nicht eine Ausnahme, eine Rechtsbeſchränkung,
223 494 1503 564 z. B. durch die Organismen der Familie, der Gemeinde, des Staats,
229 564 1505 618 in denen er zur Welt kommt, ſich nachweiſen läßt. Ähnlich gilt ein
221 611 1503 676 Grundſtück für frei von jeder Servitut, ſoweit eine ſolche nicht darge⸗
227 667 1503 729 than wird. — Bei all' ſeiner Freiheit indeß würde das Kind ſowohl
229 723 1503 798 geiſtig als körperlich verkümmern, hätte ihm nicht Gott einen Ernährer,
223 779 1503 849 einen Erzieher beſtellt. Und wer iſt dieſes? Wer anders als Vater
225 837 1499 905 und Mutter? Oder ſollten etwa die Kinder Adam's und Eva's auf
227 901 1505 963 Erziehung warten, bis ſich im Verlauf einiger Jahrhunderte glücklich
227 963 1503 1021 der erſte Staat gebildet? Da hätten wir einen fatalen circulus vitio⸗
225 1015 1503 1075 sus! Darüber läßt ſich freilich ſtreiten, ob das erſte Huhn das erſte
229 1073 1505 1130 Ei gelegt, oder ob umgekehrt aus dem erſten Ei das erſte Huhn ſich
229 1120 1501 1182 entwickelt habe; aber daß der Staat zu ſeiner Entſtehung den Einzel⸗
229 1180 1503 1244 nen und die Familie mit ihren Rechten logiſch und phyſiſch vorausſetzt,
231 1232 1505 1304 ſollte vernünftiger Weiſe Niemand in Frage ziehen. Alſo die erſten
223 1290 1505 1362 Eltern hatten bereits eine Erziehungspflicht, als es noch keinen Staat
229 1345 1505 1416 gab, und ſie hatten dieſe Pflicht eben als Eltern, gleichſam als die
225 1405 1505 1478 nächſte ſchützende Hülle, welche ſich um den zarten Keim herumlegt, eine
231 1467 1503 1534 Hülle, aus der ſich freilich im Laufe der Zeit die weiteren concentriſchen
227 1519 1505 1591 Kreiſe der Gemeinde und des Staates entwickeln ſollten, ſo aber, daß
225 1575 1507 1641 die Familie, als nächſte ſchützende Hülle des Kindes, ſtets die Pflicht
229 1631 1509 1703 der Ernährung und Erziehung behielt; ſchon deßhalb, weil der Über⸗
229 1691 1511 1761 gang dieſer Pflicht, etwa auf die Gemeinde oder den Staat, nachge⸗
229 1749 1509 1815 wieſen werden müßte, ſich aber nicht nachweiſen läßt. Dieſe Erziehungs⸗
223 1802 1509 1869 pflicht der Eltern aber, mag ſie ſelbſt eine Liebes⸗ oder eine Rechts⸗
227 1856 1511 1935 Pflicht ſein, ſchließt nothwendig ein Erziehungsrecht, ein eigentliches,
227 1922 1509 1982 ausſchließliches, erzwingbares Recht in ſich, ein Recht auf Gehorſam
229 1974 1507 2053 gegenüber dem Kinde, ein Recht, es zu ſtrafen, ein Recht auch gegen
229 2028 1509 2098 Dritte, welche ſich unbefugt und ohne Nachweiſung eines Rechtstitels
229 2090 1509 2152 einmiſchen wollten. Denn Gott beſtellt Niemanden zum Erzieher ohne
231 2146 1509 2210 ihn mit Allem auszurüſten, deſſen er zu dieſem Amte bedarf. Der Er⸗
231 2199 1511 2272 zieher aber bedarf durchaus des Rechtes, Andere, und zwar auch mit
235 2257 1509 2344 Gewalt, von jeder Einmiſchung auszuſchließen; wie wäre er ſonſt im
