1520 2481
767 107 825 171 76
157 206 1433 258 fohlene nicht zögernd, nicht langſam, nicht lau, nicht mit Murren oder Widerſtreben
153 243 1431 308 vollzogen wird, denn der den Obern geleiſtete Gehorſam wird Gott ſelber geleiſtet“.
157 293 1431 345 Dieſe Stellvertretung alſo iſt nach dem hl. Benedict das einzige Motiv, welches dem
157 337 1433 388 Gehorſam die nothwendigen Eigenſchaften geben ſoll. Einen beſſern Commentator
157 376 1435 436 dieſer an ſich ſchon klaren Worte des großen Heiligen können wir wohl nicht finden
157 425 1431 479 als den hl. Bernard, den Stifter des Ciſterzienſer⸗Ordens. „Lehret uns dieſes (daß
153 465 1431 527 nämlich der Obere die Stelle Gottes vertritt) nicht auch die Regel, wenn ſie ſagt:
157 521 1433 566 Der den Obern geleiſtete Gehorſam wird Gott geleiſtet? Was deshalb auch immer
150 554 1431 618 (quidquid) der Menſch an Gottes Statt befiehlt, wenn es nur nicht ſicher Gott miß⸗
155 603 1433 657 fällt, darf nicht anders aufgenommen werden, als wenn Gott es befähle. Denn was
155 647 1429 702 macht es für einen Unterſchied, ob Gott ſeinen Willen mittheilt durch ſich ſelbſt oder
153 696 1429 750 durch ſeinen Diener?“¹ Ich könnte noch hinweiſen auf die ſpätern Ordensſtifter,
155 733 1433 795 welche ebenſo „die Stellvertretung Gottes durch den Obern in den Vordergrund ſchie⸗
155 779 1433 835 ben“, aber das Geſagte genügt wohl, um darzuthun, daß der hl. Ignatius keine
155 824 1433 882 ueue Lehre in dieſer Beziehung aufgeſtellt hat. Die Lehre kann bloß neu ſein für
155 870 1387 926 den, welcher nicht einmal die erſten Begriffe vom Gehorſam im Allgemeinen hat².
225 909 1433 977 Dr. Weber geräth beinahe außer ſich bei der Mittheilung der 36. Regel des
159 961 1433 1013 Summarium, in welcher es heißt, die Untergebenen ſollen ſich von den Obern leiten
157 1002 1424 1062 laſſen, „wie wenn ſie ein Cadaver wären,“ oder „ähnlich wie der Stab eines Greiſes“
155 1046 1433 1101 (S. 26. 27), und der „Cadaver⸗Gehorſam“ kehrt noch mehrmals wieder. Dieſes Staunen
153 1085 1431 1157 und Entſetzen des Herrn Religionslehrers iſt aber nur ein neuer Beweis für ſeine
225 1211 1429 1265 ¹ De praec. et disp. 9. (Opp. ed. Maur. Ven. I. 225.) Ich empfehle ganz
155 1254 1431 1310 beſonders das Studium dieſer Schrift dem Herrn Dr. Weber, wenn er noch mehr
157 1292 1431 1354 über den vom hl. Ignatius gelehrten Gehorſam ſchreiben will. Vielleicht wird er
155 1339 1431 1401 dann ſeine Angriffe gleich gegen die Quelle richten, aus welcher der hl. Ignatius
157 1381 1431 1443 ſeine Lehre geſchöpft hat. Nimmt man zum hl. Bernard noch den hl. Baſilius, den
153 1434 1424 1488 hl. Gregor den Gr. und Caſſian hinzu, ſo dürfte ſich wohl kein Satz im Briefe des
155 1472 1424 1529 hl. Ignatius finden, für den ſich nicht eine Parallele bei dieſen großen Asceten dar⸗
153 1519 1426 1575 böte. Es iſt merkwürdig, daß Dr. Weber ſeine Citate aus dem incriminirten Briefe
153 1560 1429 1616 dort abbricht, wo der hl. Ignatius einen dieſer ſeiner Gewährsmänner citirt, oder
150 1608 1431 1670 auch wohl (wie z. B. S. 2) die Citation in der Überſetzung einfach wegläßt. Iſt
150 1660 1431 1707 das Zufall oder Abſicht? — Ferner möchte ich den Herrn Privatdocenten der Philo⸗
157 1697 1433 1755 ſophie fragen, ob ſein logiſcher Scharfſinn einen weſentlichen Unterſchied findet zwiſchen
153 1749 1431 1798 den Worten des hl. Bernard „quod non sit certum displicere Deo“ und den
153 1786 1429 1844 (S. 19) ſo bitter getadelten und verdächtigten des hl. Ignatius „quae cum peccato
153 1831 1431 1889 manifesto conjunctae non sunt“? Wie der Jeſuit übrigens ſeinen Conſtitutionen
153 1885 1431 1935 gemäß zu handeln habe, wenn er an der Erlaubtheit einer ihm befohlenen Handlung
153 1918 1429 1982 zweifelt, habe ich ſchon früher gezeigt (Stimmen von M.⸗L. I. S. 463), und hätte
150 1968 1431 2032 der Herr Religionslehrer mit ein Bischen gutem Willen aus den Regeln ſelbſt heraus⸗
155 2017 363 2065 leſen können.
221 2044 1433 2112 ² Vgl. Germania Nr. 283 Beil. Ein Correſpondent aus Breslau macht in
146 2096 1431 2156 einer kurzen Anzeige der Weber'ſchen Schrift darauf aufmerkſam, daß wenn die An⸗
146 2150 1429 2201 erkennung der Stellvertretung Gottes durch die Vorgeſetzten nicht eine chriſtliche, ſon⸗
148 2187 1433 2249 dern bloß eine jeſuitiſche Idee wäre, Luther ſelbſt als ein echter Jeſuit angeſehen werden
150 2237 1433 2286 müßte. Derſelbe ſchreibe in ſeiner übertreibenden Weiſe: „Gott will die Obrigkeiten
148 2274 1431 2340 laſſen Götter ſein über Menſchen, daß man ihnen als ſeinen Amtsleuten gleich
148 2323 1238 2402 wie ihm ſelbſt ſoll gehorſam ſein.“ (Erlang. Ausg. 39, 228 f., 261 f.)
