1520 2481
707 74 761 134 79
95 161 1371 233 Intelligenz) Gewalt anthut.“ Dr. Weber unterſchiebt dem Heiligen durch dieſe
97 206 1366 274 Überſetzung den Unſinn, daß es eine Evidenz gebe, die den Verſtand nicht zur
101 250 1366 312 Beiſtimmung nöthige, und daß folglich der Gehorchende auch noch zuweilen ſein Ur⸗
97 295 1369 359 theil dann unterwerfen könne reſp. müſſe, wenn er auch eine Wahrheit ſicher und
99 345 1366 399 evident erkannt hat. — Eine ähnliche Unterſtellung finden wir S. 21 in der Über⸗
99 386 1369 456 ſetzung des Satzes: quatenus vi sua potest voluntas intelligentiam flectere. Sie
97 427 1371 500 lautet beim Verfaſſer: „inſoweit der Wille die Intelligenz brechen kann.“ Nach
95 469 1369 535 dem hl. Ignatius handelt es ſich bei der Unterwerfung des Verſtandes natürlicher
99 516 1369 578 Weiſe nur von zweifelhaften Fällen, in welchen ſich der Gehorchende noch kein ſicheres
95 560 1369 628 Urtheil gebildet hat, ſondern zwiſchen verſchiedenen Anſichten hin und her ſchwankt.
95 605 1371 669 In ſolchen Fällen kann allerdings der Wille einen Einfluß auf den Verſtand aus⸗
95 649 1369 717 üben, indem er die Aufmerkſamkeit mehr auf die Gründe für die eine Anſicht, als
95 702 1366 758 auf die für die andere fixirt und demgemäß den Verſtand zu dieſer Anſicht hinneigt.
95 740 1366 806 Deßhalb gebraucht der Heilige die Ausdrücke inclinare neigen, flectere beugen,
95 785 1369 849 inflectere hinbeugen in dem nämlichen Capitel¹ als Synonyma. Dr. Weber über⸗
97 831 1371 893 ſetzt mit Verletzung des Sprachgebrauches flectere durch „brechen“, und kann alſo
99 872 1369 944 wiederum den Heiligen ſagen laſſen, der Untergebene müſſe, auch wenn er eine Wahr⸗
97 920 1366 990 heit ſicher erkannt hat, ſein Urtheil dem entgegengeſetzten Urtheile des Obern anpaſſen,
97 959 1371 1027 indem er ſeinen Verſtand bricht! — In der Überſetzung der Anm. 2. S. 25 finden
97 1002 1362 1073 ſich nicht weniger als vier grobe Fehler. Auf zwei derſelben, daß nämlich „apprehensio“
97 1050 1369 1118 durch „Entſchließung“ wiedergegeben und in „atque etiam“ durch die Ueberſetzung
101 1093 1369 1159 „ja ſogar“ eine Steigerung gelegt wird, wozu weder der Sprachgebrauch noch der
99 1137 1371 1207 Context berechtigt, wollen wir kein Gewicht legen; die beiden andern Fehler aber
97 1184 1369 1252 können wir nicht umhin als äußerſt ſchwere Mißgriffe oder Fälſchungen zu bezeichnen.
95 1226 1371 1292 Wenn der Satz „perperam praecipienti parendum est“ überſetzt werden muß: „Man
97 1273 1366 1337 muß ſelbſt dem gehorchen, der Schlechtes befiehlt“, dann iſt es allerdings nicht ſchwer,
95 1316 1366 1385 den Gehorſam, welchen der hl. Ignatius in ſeinem Briefe anräth, als einen unſitt⸗
97 1360 1369 1420 lichen zu beweiſen; beſonders wenn dann die Worte, in welchen er wünſcht, man
97 1401 1369 1474 ſolle nicht unterſuchen „rectene praecipiatur an secus“ wiedergegeben werden: „ob
97 1449 1369 1513 Rechtes oder Unrechtes befohlen werde.“ Gewiß ein ſo blinder Gehorſam, der auch
97 1490 1371 1565 das befohlene Schlechte ausführen muß, der nicht darauf achtet, ob das Befohlene
97 1536 1369 1606 recht oder unrecht ſei, iſt ein unſittlicher. Aber in welcher Grammatik hat der Gym⸗
99 1581 1371 1641 naſiallehrer gelernt, daß die Adverbien hier Object ſein könnten? Wer gibt ihm das
97 1622 1371 1695 Recht, die Worte, mit welchen der Heilige die Art des Befehlens bezeichnet, auf das
97 1666 1369 1738 Beſohlene zu beziehen? Wenn Jemand unüberlegt, barſch, ohne Rückſicht auf Zeit, Ort,
97 1711 1371 1782 Umſtände u. ſ. w. befiehlt, ſo können wir ſagen „perperam praecipit“, oder „non
97 1757 1371 1825 recte praecipit“, „er befiehlt nicht auf die rechte Weiſe“; wird deßhalb das Befohlene
97 1800 1373 1877 etwas Schlechtes ſein? Ob Unwiſſenheit oder Böswilligkeit dieſe falſche Überſetzung
103 1846 1364 1916 veranlaßt habe, wollen wir nicht unterſuchen. — Iſt es ferner bloßer Zufall oder Ab⸗
97 1889 1371 1964 ſicht, wenn S. 26 bei der Überſetzung der 35. Regel, die „das Gemüth“ des Ver⸗
97 1933 1371 2009 faſſers „mit Schauder und Entſetzen erfüllt“, ein gar nicht unwichtiges Wort ausge⸗
97 1976 1369 2050 laſſen wird? Der hl. Ignatius will, daß man ſein Urtheil unterwerfe mit einer Art
101 2019 1362 2092 von blindem Gehorſam (caeca quadam obedientia); Dr. Weber läßt das mildernde
97 2067 1369 2137 Pronomen aus, und aus dem einſchränkenden Ausdruck des Heiligen wird der ſtrenge
97 2110 1373 2191 allgemeine Ausdruck der Überſetzung „durch blinden Gehorſam“.² Nebenbei bemerkt
163 2193 1333 2263 ¹ Epist. de obed. n. 9; bei Dr. Weber S. 19 Anm. 1 und 2, S. 21 Anm.
163 2243 1369 2307 ² Überhaupt ſcheint dem Gymnaſiallehrer das Pronomen quidam, wenigſtens in
95 2278 1371 2369 ſeiner abſchwächenden Bedeutung, ganz unbekannt zu ſein, da er es regelmäßig
