2470 3228
1996 161 2031 239 8
209 236 2031 341 case of melancholy."⁶  She quotes André Gide: "Despite every resolution
207 333 1853 430 of optimism, melancholy occasionally wins out: man has decidedly
207 427 1926 543 botched up the planet."⁷ One of her poems, "The Addict," tells of a
201 532 1466 645 daily dose of capsules to stay in shape for death.
492 801 812 863 Sleepmonger,
497 852 807 919 deathmonger,
495 901 1434 973 with capsules in my palms each night,
495 960 1740 1035 eight at a time from sweet pharmaceutical bottles
500 1003 1635 1086 I make arrangements for a pint-sized journey.
497 1046 1304 1121 I'm the queen of this condition.
495 1100 1310 1175 I'm an expert on making the trip
492 1156 1280 1234 and now they say I'm an addict.
492 1199 933 1275 Now they ask why.
495 1245 605 1320 Why!
489 1350 887 1417 Don't they know
489 1406 1081 1468 that I promised to die!
492 1455 1097 1522 I'm keeping in practice.
489 1501 1200 1579 I'm merely staying in shape.
489 1557 1372 1630 The pills are a mother, but better,
487 1605 1452 1678 every color and as good as sour balls.
487 1654 1127 1729 I'm on a diet from death.
484 1745 804 1818 Yes, I admit
487 1807 1447 1872 it has gotten to be a bit of a habit--
481 1856 1522 1931 blows eight at a time, socked in the eye,
481 1909 1399 1979 hauled away by the pink, the orange,
484 1958 1366 2033 the green and the white goodnights.
481 2006 1399 2100 I'm becoming something of a chemical
478 2052 694 2125 mixture.
484 2111 747 2176 That's it!
476 2197 721 2270 My supply
473 2251 747 2324 of tablets
473 2310 1391 2377 has got to last for years and years.
478 2359 1288 2431 I like them more than I like me.
476 2412 1388 2482 Stubborn as hell, they won't let go.
478 2458 1092 2536 It's a kind of marriage.
476 2509 941 2579 It's a kind of war
470 2566 1143 2633 where I plant bombs inside
979 710 1243 777 THE ADDICT
371 2746 1886 2859 ⁶Anne Sexton, Live or Die (Boston: Houghton Mifflin Company,
177 2819 508 2899 1966), p. xi.
371 2886 758 2977 ⁷Sexton, p. xi.
476 2622 737 2698 of myself.
