2470 3228
234 282 1939 355 whose content is already lit up in certain outline by the prophetic
231 390 1991 451 expectations of the 0ld Testament but whose form is determined by the
231 484 2039 556 words, the suffering, and the death of Christ. Knowledge of the future
228 575 2004 659 has its stimulus nowhere else than in the riddle of Jesus of Nazareth.
228 683 2052 769 His future, in the light of which he can be recognized as to what he is,
231 780 1980 863 is illuminated in advance by the promise of the righteousness of God,
234 876 2009 960 the promise of life as a result of resurrection from the dead, and the
226 992 1670 1076 promise of the kingdom of God in a new totality of being.
231 1140 941 1237 The future of righteousness.
427 1248 1929 1312 Righteousness means "being in order,“ standing in the right
336 1291 1950 1361 relationship; it means correspondence and harmony and is to that
328 1339 2055 1412 extent akin to "truth.“ But righteousness also means ''being able to
325 1398 2004 1463 stand,“ having subsistence, finding a basis on which to exist, and
328 1447 2004 1509 is to that extent akin to existence as such. Righteousness in the
325 1492 2055 1562 0ld Testament does not mean agreement with an ideal norm or with the
328 1546 1926 1611 logos of eternal being, but describes a historic communal rela-
325 1595 2026 1662 tionship which is founded on promise and faithfulness. When Israel
325 1651 2004 1718 praises the righteousness of God, then it thankfully remembers his
325 1700 1926 1767 faithfulness to his covenant promises as it has taken practical
325 1751 1907 1815 shape in the history of Israel. Yahweh's righteousness is his
325 1799 1853 1866 faithfulness to the covenant. That is why his righteousness
330 1848 2028 1915 "happens,“ and why one can "tell“ it and trust in it for the future
322 1904 1929 1966 and expect ''salvation“ from this righteousness. In trusting in
322 1950 1953 2017 God's faithfulness to this covenant, and in living in accordance
322 2004 1980 2068 with his covenant in promise and statute, men do right by God and
322 2055 2026 2127 are set right. They are set right not only in relation to God, but
322 2103 1921 2168 also in their mutual relationships and in relation to things. 29
425 2200 2050 2275 The righteousness of God is the essence of the stability and the
217 2305 2001 2367 ground of the subsistence for the whole creation. Without his justice
217 2404 1977 2474 and faithfulness nothing can exist, but everything is swallowed up in
217 2493 1999 2579 nothingness. Hence God's righteousness is universal. With the coming
217 2593 1786 2684 of the righteousness of God we can expect also a new creation.
419 2706 1993 2794 In the New Testament the divine righteousness is understood by
1996 182 2063 303 86
417 2897 1035 2993 29Moltmann, pp. 203-204.
