2470 3228
422 247 2017 355 There is a fine word study in the Theological Dictionary of the
217 336 1864 446 New TestamentÂ¹â¸ on which the following remarks are largely based,
215 443 2017 538 although adapted for our particular purpose. The New Testament concept
212 532 2063 642 of hope is essentially determined by the Old Testament. Only where it is
209 640 1964 745 a matter of secular hope do we see the element of expectation charac-
212 745 2012 850 teristic of the Greek world, and always in such a way that it is expec-
207 836 2009 949 tation of something welcome. The Greek word ğ‘’ğ“ğ“…ğ’¾ğ“ğ‘’ğ’¾ğ“ƒ means expectation
204 933 2031 1051 with the nuance of counting upon. An example of this is Luke 6:34, "And
204 1041 2004 1154 if you lend to those from whom you hope to receive, what credit is that
201 1140 1902 1237 to you? Even sinners lend to sinners, to receive as much again."Â¹â¹
400 1242 1966 1355 There is a stronger accent on hoping in Luke 23:8; Acts 24:26,
193 1339 1840 1455 27:20; and even more clearly in Romans 15:24; I Corinthians 16:7;
191 1439 1894 1554 Philippians 2:19, 23; Philemon 22; II John 12; and III John 14. In
191 1535 1832 1643 I Corinthians 13:7 hope, like love, is obviously directed to men,
185 1638 1985 1756 although for Paul this attitude rests on the corresponding relationchip
188 1740 1988 1861 to God, as shown by the natural transition from the one to the other in
185 1837 425 1915 verse 13.
376 1934 1982 2052 nope fixed on God embraces at once the three elements of expec-
180 2047 1980 2146 tation of the future, trust, and the patience of waiting. According to
177 2152 2001 2256 Romans 4:18, when we can no longer count on controllable factors we have
177 2246 1899 2342 to trust in the divine future. The term ğ‘’ğ“ğ“…ğ’¾ğ“ğ‘’ğ’¾ğ“ƒ has the element of
172 2340 1848 2450 sure confidence in such passages as I Corinthians 15:19; II Corin-
172 2439 1969 2560 thians 1:10; Philippians 1:20; and I Peter 1:21. The main stress is on
382 2638 1945 2765 Â¹â¸Gerhard Kittel, ed., Geoffrey W. Bromiley, trans. Theological
161 2706 1708 2800 Dictionary of the New Testament (1971), Vol. II, pp. 517-535.
363 2800 1883 2921 Â¹â¹See alsÎ¿ I Corinthians 9:10; II Corinthians 8:5; I Timothy
1982 182 2042 244 23
164 2848 699 2950 3:14; and Acts 16:19.
