2470 3228
242 287 1894 371 that moves forward and outward. It does not ride the line of the
236 376 1993 470 generations from father to son but spreads outward to all men. It is
234 476 2020 575 not through birth, but through rebirth, that faith is propagated. The
234 578 1961 672 Christian mission has no cause to enter into an alliance with roman-
234 696 2036 777 ticist nihilism against the revolutionary progressiveness of the modern
231 785 2034 882 age and to present its own tradition as a haven of tradicionalism for a
228 885 2007 976 contemporary world now grown uncertain and weary of hoping. We cannot
228 987 1929 1076 turn our backs on the open horizons of modern history and return to
226 1086 1856 1178 perpetual orders and everlasting traditions. We must take these
226 1199 1926 1285 horizons up into the eschatological horlzon of the resurrection and
226 1291 1818 1388 thereby disclose to modern history its true historic character.
220 1444 565 1533 Exodus Church
215 1592 2023 1697 wodern soctety and the cult of the absolute., be nou ralse che question
215 1689 1953 1780 of che concrete forn assumed by a 11ve eschatological hope in modern
215 1802 2017 1880 soclety. Here the title ''Exodus Church“ is meant to focus attention on
215 1885 1966 1985 che reality of christlanity as chat of che 'pilgrin people of Cca' as
212 1987 1872 2076 described in che Episcle co che Hebrees: ⁴Let us go forch co him
209 2100 1966 2200 outside the camp, bearing abuse for hin. For here we have no 1ast ing
209 2189 2034 2283 city. but we scek the city ehich is to come.“33 uhat does this nean kor
209 2305 1988 2383 the social shape of Christianity in modern soctety and for the task 1t
207 2391 1964 2485 has there to fulfill in the field of social ethics? When we speak of
215 2493 2031 2595 "church" and "Christianity" we mean the whole body of believers in every
204 2601 2009 2687 aspect of their lives. Christianity must continually present itself in
207 2692 1907 2802 the weekday obedience and the worldly callings of Christians and in
1966 207 2063 285 101
406 2905 893 2988 33Hebrews 13:13-14.
