2470 3228
252 217 1929 290 Jürgen Moltmann. We will examine his major works available in the
252 303 2052 395 English language, including an articulation of his theology and several
250 411 1948 492 sermons in which he communicates his theology to worshipping commu-
250 505 441 602 nities.
454 616 2071 710 In keeping with the ultimate purpose of this dissertation, we go
247 715 1972 796 on to call attention to homiletical possibilities in the theology of
247 809 1950 903 hope and provide suggested sermon outlines for consideration by the
244 917 791 1000 modern parish pastor.
446 1218 2020 1307 The material available in the field of hope theology is indeed
239 1326 2066 1406 great. Although we have given consideration to other proponents of "the
242 1412 2017 1509 school of hope," it has been necessary to limit ourselves primarily to
242 1519 1891 1600 the chief Protestant proponent of hope theology. Even here I was
239 1616 1929 1713 Limited to Moltmann's works that have been translated into English.
438 1724 1864 1804 Throughout the course of the study the focus has been on
234 1823 2036 1920 material that can be used by the parish pastor in his work of preparing
234 1931 2034 2004 sermons. Although we have attempted to provide as varied and extensive
231 2017 1982 2122 a treatment of the theology of hope as possible, we have consistently
236 2122 1773 2211 tried to work within the scope of the topic under discussion.
433 2216 1883 2321 Even though it would have been possible to provide entire
231 2326 2007 2412 sermons incorporating the principles of hope theology, we are limiting
231 2423 2058 2523 ourselves to what will be seminal suggestions for the task of the modern
228 2523 1856 2614 preacher. Each pastor can then adapt his message to the type of
228 2628 1980 2716 audience he must envision as he prepares to preach. We have provided
228 2724 1853 2811 outlines that incorporate the main thoughts in the biblical text
847 1086 1495 1151 LIMITATIONS OF THIS STUDY
2042 112 2077 236 2
244 2829 1816 2950 together with suggestions for a development of each main point.
