2470 3228
250 290 1950 381 intends to make the theology of hope more concrete by stressing the
247 381 812 459 theology of the cross.
244 532 987 624 The Identity and Relevance of
304 589 427 667 Faith
438 688 2044 769 Moltmann stresses the need for the church to change in order to
239 774 1974 871 exist for the humanity of man in changed circumstances. He uses the
239 876 2042 979 term "critical political theology" to emphasize having the church spend
236 973 1942 1081 itself for others. It will be necessary for Christians to have the
234 1073 2036 1180 courage to be different and to identify with the cross of Christ. This
234 1175 1571 1277 will bring contradiction, resistance, and opposition.
430 1288 1958 1369 Personal, inner change without a change in circumstances and
328 1342 2009 1423 structures is an idealist illusion, as though man were only a soul
330 1388 1929 1476 and not a body as well. But a change in external circumstances
330 1439 2031 1530 without inner renewal is a materialist illusion, as though man were
333 1498 1875 1565 only a product of his social circumstances and nothing else.²
427 1584 2001 1673 Christian identification with the crucified Christ means soli-
223 1692 1880 1772 darity with the sufferings of the poor and the misery of both the
217 1780 1931 1874 oppressed and the oppressors. This makes a theology of the cross a
217 1883 2001 1974 practical theory. The cross of Christ represents not merely the death
215 1990 2039 2092 of Jesus but also God's identification with the sufferings of the world.
215 2141 906 2221 The Resistance of the Cross
266 2192 960 2281 against its Interpretations
417 2297 1945 2380 There has always been resistance to the cross by making it a
209 2394 1888 2482 symbol of the good, the true, and the beautiful. It is the really
209 2480 1991 2587 irreligious thing in the Christian faith. Even the disciples all fled
207 2579 2036 2679 from their master's cross. Roman humanism looked on it as unrespectable
207 2695 1985 2802 and perverse. The crux of the criticism of Feuerbach and Freud is the
408 2894 842 2977 ²Moltmann, p. 23.
1985 196 2074 295 109
