2470 3228
226 290 2007 352 of expectations, hopes, and questions about the promised future. What
231 373 2031 459 is spotlighted in the resurrection appearances is expounded in terms of
226 476 2007 564 the earlier promises. This exposition in turn takes place in the form
226 578 2026 661 of prophetic proclamation of the future of Christ which was spotlighted
228 677 764 761 in these appearances.
422 780 1980 858 Christian eschatology differs from Old Testament faith in the
223 876 1980 971 promise, as also from prophetic and apocalyptic eschatology, by being
223 987 1977 1073 Christian eschatology and speaking of "Christ and his future." It is
223 1076 1999 1162 related in content to the person of Jesus of Nazareth and the event of
220 1180 1977 1258 his raising. It speaks of the future for which the ground is laid in
226 1277 1972 1363 this person and this event. Christian eschatology is at heart Chris-
223 1393 1235 1471 tology in an eschatological perspective.
419 1482 1902 1562 What God made manifest, according to the statements of the
217 1595 2047 1667 Easter narratives, was not the course of history, not the secrets of the
215 1697 2044 1770 higher world of heaven, not the outcome of the future world judgment but
220 1796 1848 1869 the future of the crucified Christ for the world. When Jesus is
215 1891 2044 1963 described as "the firstfruits of them that slept," then that goes beyond
217 1998 1999 2065 the bounds of apocalyptic inasmuch as it means that the raising of the
215 2082 1993 2173 dead has already taken place in this one case for all. It means, too,
217 2186 2042 2278 that the raising was performed not on one faithful to the law but on one
212 2297 2020 2375 who was crucified. Consequently, future resurrection is to be expected
215 2391 2017 2472 not from obedience to the law but from the justification of sinners and
215 2504 756 2574 from faith in Christ.
411 2593 1845 2668 The Christian hope for the future comes from observing a
209 2706 2015 2768 specific, unique event--that of the resurrection and appearing of Jesus
209 2794 1991 2878 Christ. To recognize the resurrection of Christ means to recognize in
212 2891 1888 2996 this event the future of God for the world. Christian eschatology
1996 209 2050 266 82
