2470 3228
452 373 2082 438 After the plan for the study was developed, it became clear that
258 459 2001 538 there was a vast amount of literature related to this field of study.
252 575 1964 642 A great number of modern songs, plays, essays, and poetry deal with
255 656 2061 739 feelings of despair, death, meaninglessness, and hopelessness. He have
255 766 2055 852 been able to include only a few samples of this kind of literature that
255 868 1170 938 fit the purpose of the dissertation.
460 971 1886 1049 In the area of hope theology there are many sources that
260 1062 2007 1140 influenced members of the school of hope, there are numerous writings
255 1162 1961 1245 by proponents of hope theology, and there are many books and essays
255 1261 2074 1353 that analyze, evaluate, and build upon this modern theological movement.
258 1369 1964 1444 We have included only those works that met the purpose and remained
258 1468 2034 1546 within the scope of this project. The bibliography, however, provides
258 1579 2012 1648 many sources that can be investigated by the reader who is interested
260 1665 1826 1751 in a wider acquaintance with literature in this general field.
457 1767 2034 1845 The personal involvement in this research and writing has been
258 1880 1864 1952 both a strenuous and a stimulating task. New vistas of helpful
260 1971 2031 2049 knowledge have been discovered and a whole new excitement to keep well
260 2084 1985 2154 informed regarding modern developments in theology has begun to grip
258 2181 2061 2248 me. It is my sincere hope that the availability of the results of this
255 2281 2082 2348 study, as contained in this dissertation, will help stir up new interest
260 2383 2061 2472 in Christian theology and provide some fruitful suggestions for further
258 2477 1399 2577 study and research on the part of the reader.
804 225 1528 293 REVIEW OF RELATED LITERATURE
2042 102 2098 188 3
