2470 3228
1985 207 2050 269 98
220 285 2052 365 prove to be elastic concepts which themselves belong to history and make
220 373 2052 465 history. The universal concepts, which themselves belong to history and
220 476 2066 564 are used by historians in an effort to grasp what man is, what the world.
220 589 2017 680 is, and so on, arise only supposedly and only wrongly from abstraction.
220 680 2026 763 In actual fact they contain the note of prophecy and of mission towards
217 780 2023 879 the future land of the "realized generic concept.“ They always contain
215 890 1256 965 a futuristically anticipated eschatology.
414 979 2047 1067 What "world" history is, is decided by what is desired and hoped
212 1078 1923 1175 for as the one, future world. What the history of "mankind“ is, is
215 1194 1845 1264 decided by what mankind one day should be and will be. Both are
212 1283 2042 1369 directly related to present mission. Thus there exist only histories on
212 1385 1942 1468 the way to world history, but there is not yet a world history. The
209 1498 1964 1579 lines on which these histories are on their way towards world history
209 1597 1918 1683 are all maintained by the consciousness of having a mission towards
207 1683 575 1764 world history.
212 1839 1988 1939 The hermeneutics of Christian mission. Among the presupposttions of a
204 1950 1982 2025 rational Christian theology, hermeneutic reflections on the principles
204 2052 1891 2125 of the understanding of biblical texts have today replaced the old
204 2149 1910 2227 proofs of God which once constituted the prefatory remarks for what
204 2246 2034 2326 Christianity says of God. This, however, is not by any means the end of
204 2351 2001 2434 these proofs of God which demonstrated the existence and nature of God.
201 2455 1864 2525 On the contrary, they recur in all their conceivable forms in the
201 2544 1931 2636 hermeneutic reflections in which the exposition and preaching of the
201 2646 1746 2724 biblical witness to God and his actions are formulated today.
403 2743 1953 2829 The traditional proofs of God can be divided into three major
196 2856 1953 2950 groups: (a) the proofs of God from the world, from the cosmos or the
