2470 3228
223 258 1982 357 en eschatological and universal future, the word of God points beyond
223 352 1956 449 itself, forward to coming events and outward into the breadth of the
220 462 2004 562 world to which the promised coming events are coming. The word of God
223 564 1974 664 is itself an eschatological gift. In it the hidden future of God for
220 667 2023 753 the world is already present. It is present in the form of promise and
215 769 583 839 awakened hope.
417 858 1996 960 Baptism, too, is "ahead of itself." In baptizing men into the
209 954 2044 1054 past death of Christ, it seals men for the future of the kingdom that is
209 1057 1996 1156 being brought by the risen Christ. Likewise, the Lord's Supper is not
209 1164 1993 1264 to be regarded in terms of mystery and cult but eschatologically. The
207 1269 2036 1363 congregation at the Table is not in possession of the sacral presence of
207 1363 2015 1457 the Absolute but is a waiting, expectant congregation seeking communion
201 1463 747 1549 with the coming Lord.
403 1565 2036 1665 The Christian church which follows Christ's mission to the world
201 1662 1835 1761 is engaged also in following Christ's service to the world. Its
199 1772 1929 1856 existence is completely bound to the fulfilling of its service. For
199 1872 1859 1955 this reason it is nothing in itself, but all that it is, it is in
196 1974 1950 2063 existing for others. The Christian church is not to serve mankind in
193 2073 1923 2168 order that this world may remain what it is but in order that it may
193 2181 1878 2256 transform itself and become what it is promised to be. It aims at
193 2275 1848 2359 reconciliation with God, at forgiveness of sins, and abolition of
188 2375 2020 2461 godlessness. But salvation must also be understood as shalom in the Old
188 2477 1861 2571 Testament sense. This does not mean merely salvation of the soul,
188 2577 1797 2660 individual rescue from the evil world, comfort for the troubled
185 2679 1840 2759 conscience but also the realization of the eschatological hope of
182 2770 1964 2883 justice, the humanizing of man, the socializing of humanity, and peace
182 2875 626 2964 for all creation.
1956 196 2055 298 106
