2470 3228
236 290 1966 373 unequivocal necessities. Thus the concept of causality too can have
234 384 952 459 only heuristic significance.
433 484 1840 562 Another conceptual means of grasping connections is the
228 578 1886 675 discovering of "tendencies.“ It means that the stringency of the
231 680 1864 766 causality of natural science is renounced, and the transition in
226 790 1883 868 historic movements is described not as a transition from causa to
223 879 1982 968 effectus but from possibility to reality. What stands between possi-
226 976 2020 1081 bilities and realized realities is not a causal necessity but tendency,
223 1076 1958 1186 impulse, inclination, trend, and specific leanings towards something
220 1183 1668 1269 which can become real in certain historic constellations.
419 1285 2028 1377 E. Rothacker has recommended as a means towards the grasping of
215 1396 2050 1471 historical complexes the concept of "style.“ What is called "historical
220 1487 2026 1573 thinking“ in the emphatic and passionate use of the term has indeed its
215 1597 1824 1670 primary aim not in the establishing of facts but in grasping as
215 1697 2023 1786 congenially as may be the appearances of the immanent logos, the styles
215 1791 1972 1877 in which these facts arrange themselves. This involves the anthropo-
212 1899 1991 1974 logical and sociological connection of acts and events with the "envi-
212 1987 1969 2082 ronment“ in the experiences of the moment and in the current views of
209 2084 355 2165 life.
2007 204 2061 287 93
411 2205 1918 2275 In much the same way the concept of "structure“ attempts to
201 2302 2039 2388 grasp the social institutions in which history was accepted and mastered
204 2396 1840 2480 at a given moment, by seeing them as the world of the orders and
204 2499 1939 2590 expressions of life that exercised their influence on history. This
204 2603 2009 2679 framework of ideas leads on to the history of "forms.“ It examines not
199 2706 1937 2786 so much the individual statement as once made but rather the Sitz im
201 2794 1974 2913 Leben provided for the statements by religion, law, culture, politics,
204 2910 417 2988 and art.
