2470 3228
1985 242 2082 320 107
258 322 2058 419 The calling of Christians in society. The coming lordship of the risen
252 411 1996 511 Christ cannot be merely hoped for and awaited. The life of the body,
252 505 1980 605 including also social and public life, is expected as a sacrifice in
247 610 1953 704 day-to-day obedience (Romans 12:1–2) . The hope of the gospel has a
244 715 2077 809 polemic and liberating relation not only to the religions and ideologies
242 809 1797 914 of men but still more to the practical life of men and to the
244 906 1307 992 relationships in which this life is lived.
441 1016 2017 1108 The Reformers' rediscovery of the "universal priesthood of all
236 1105 2012 1213 believers“ made it plan that the call of the gospel is issued to every
234 1210 1964 1315 man. Everyone who believes and hopes is called and has to offer his
231 1307 2039 1414 life in the service of God. The call according to the New Testament is
228 1406 2058 1511 once for all, irrevocable and immuitable, and has its eschatological goal
231 1509 2047 1622 in the hope to which God calls us. Our callings, however, are historic,
228 1611 2031 1716 changing, changeable, temporally limited, and therefore to be shaped in
228 1718 1818 1826 the process of being accepted in terms of call, hope, and love.
427 1818 2050 1920 This world is not the heaven of self-realization, as it was said
320 1874 2036 1971 to be in Idealism. This world is not the hell of self-estrangement,
320 1926 2023 2014 as it is said to be in romanticist and existentialist writing. The
317 1969 1845 2068 world is not yet finished, but is understood as engaged in a
320 2020 1993 2111 history. It is therefore the world of possibilities, the world in
314 2076 2017 2170 which we can serve the future, promised truth and righteousness and
317 2130 1915 2208 peace. This is an age of diaspora, of sowing in hope, of self-
317 2178 1966 2262 surrender and sacrifice, for it is an age which stands within the
314 2221 2012 2310 horizon of a new future. Thus self-expenditure in this world, day-
314 2275 2012 2372 to-day love in hope, becomes possible and becomes human within that
312 2318 1961 2415 horizon of expectation which transcends this world. The glory of
309 2380 1934 2461 self-realization and the misery of self-estrangement alike arise
309 2429 1961 2520 from hopelessness in a world of lost horizons. To disclose to it
312 2477 2034 2590 the horizon of the, future of the crucified Christ is the task of the
309 2528 799 2609 Christian Church. 34
403 2918 887 3034 34Moltmann, p. 338.
