2470 3228
287 274 1939 360 nature of man? Is it not pecularly marked by an existence toward
290 325 1991 411 death, a transiency in which man can only be said really to live in
290 368 1813 465 the decision of the moment? Is there any real continuity to
293 422 1501 497 historical life beyond the moment of decision?¹⁵
384 519 2009 616 It is with this kind of background that the question of a future
180 613 1832 720 for mankind must be asked anew. Is there a future and a hope for
177 710 1950 823 mankind? Science and technology present man not only with vast possi-
174 812 1929 928 bilities but also with threats to his existence. This mood of modern
174 925 1140 1000 man seems ready for a message of hope.
314 1014 1923 1137 A Frenchman, Jacques Ellul, in his book Hope in Time of Aban-
166 1129 1969 1218 donment, begins with a detailed analysis of the illnesses of mankind at
169 1221 1918 1318 this time in history. His diagnosis can be summarized by saying that
164 1320 1958 1423 mankind is without hope today. Near the beginning of his book he says:
365 1420 1937 1519 We are living through the experience of a closed world. Never
258 1482 1913 1573 have there been so many openings, scientific breakthroughs by the
266 1530 1808 1622 most stupefying, lightning-like extensions of technology, the
260 1584 1961 1670 secularization of thought and of civilization, the opening of doors
260 1635 1926 1721 to "the cosmos"; yet never has man felt so closed in, so confined,
255 1683 1982 1772 so impotent. With the help of intermediaries he participates in the
255 1737 1910 1821 great human adventure. He watches television. He sees the first
255 1783 1805 1869 steps of "man-in-himself" on the moon. But he is not man-in-
255 1831 1980 1920 himself. He is the white-collar unit, this man in a gray suit whose
255 1883 1974 1969 life mechanically unwinds like the perforated roll of an old player-
252 1931 1899 2022 piano. Each turn of the roll is a year and, when deposited every
252 1985 1977 2071 December 31 on the preceding year, obliterates it. The notes played
250 2039 1547 2117 on the piano are the sum of his programmed deeds.¹⁶
347 2125 1902 2224 Ellul says people have lost hope in the future so they try to
145 2230 1972 2326 concentrate on the present moment. The person of this age no longer has
142 2332 1896 2423 a fixed, sane, and reliable point of reference by which to direct his
139 2434 1791 2523 activities and his life. He finds it difficult to arrive at some
139 2520 1931 2628 judgment of what he himself is doing and what is being done around him
339 2706 1805 2827 ¹⁵Walther Zimmerli, Man and His Hope in the Old Testament
137 2768 1105 2846 (London: SCM Press, Ltd., 1971), p. 1.
336 2843 1926 2959 ¹⁶Jacques Ellul, Hope in Time of Abandonment, c. Edward Hopkin,
134 2915 1275 3004 trans. (New York: Seabury Press, 1973): p. 3.
1945 207 2012 298 14
