2470 3228
258 285 1910 403 Paul as God's faithfulness in communal relationships, as an event
255 381 1931 508 brought about by God and as an event from which there arises a new
252 489 1880 602 creation and a new life. Paul sees this divine righteousness as
247 583 2052 712 revealed in the gospel (Romans 1:17) and grasped in faith. This divine
247 685 2047 807 righteousness has its ground both in the event of the cross and in that
239 801 2001 903 of the resurrection. The divine righteousness which is here revealed
239 887 1972 1003 finds its measure not in the sin it forgives but in that new life in
239 989 2066 1110 the glory of the risen and exalted Christ which it promises and to which
234 1086 2055 1215 it points. The divine righteousness is present in faith and in baptism,
228 1205 1835 1307 yet in such a way that it is engaged in a process which will be
228 1301 1269 1385 completed only at the parousia of Christ.
425 1398 2055 1519 Justification means not only that the unjust is given a right to
220 1501 1948 1608 stand before God and to endure the judgment, but it has also a theo-
220 1597 1896 1716 logical meaning--namely, in this event God attains his rights over
215 1700 2042 1823 against his creation. If in the justification of the sinner God attains
215 1794 1867 1907 to his rights, then this justification is the beginning and fore-
209 1901 1003 1998 shadowing of his sole lordship.
2026 231 2079 320 87
209 2047 1982 2181 The future of life. What sort of expectation of life and what sort of
201 2149 1767 2254 experience of death were quickened by the promises of Israel?
403 2259 1872 2361 It is surprising that for long the Jews had no thoughts or
295 2305 1869 2410 dreams about che last agony. They were as much a this-worldly
298 2359 1872 2469 people as the Greeks, and yet their life was incomparably more
295 2418 1307 2490 vigorously determined by future goals. 30
387 2507 1988 2620 All dead things represented for Israel the acme of uncleanness.
182 2598 1958 2714 All pollutions of this kind involve exclusion from the service of God.
387 2800 1902 2934 30 quoted in Moltmann, Theology of Hope from Ernst Bloch, Das
180 2859 1549 2980 Prinzip Hoffnung (Frankfurt: Suhrkamp, 1959), p. 1323.
