2470 3228
271 295 1999 403 their social roles as well as be the company that gathers around the
263 384 1208 486 word and sacrament in divine worship.
468 492 2069 607 The weekday obedience has receded unduly into the background in
260 597 2090 718 the movements of the modern evangelical church towards reform. From the
255 691 2058 809 standpoint of sociology this is understandable, but from the standpoint
250 798 2034 917 of theology it is unintelligible. It is precisely at this point where
250 885 2050 1024 it must be decided whether Christians can become an accommodating group
244 987 1974 1110 or whether their existence within the horizon of eschatological hope
242 1102 1875 1221 makes them resist accommodation and their presence has something
236 1205 984 1280 peculiar to say to the world.
438 1293 1966 1417 By "modern society" we mean the society that has established
231 1396 1937 1517 itself with the rise of the modern industrial system. This society
228 1501 1961 1614 considers itself neutral toward matters of religion and questions of
228 1603 2055 1718 value. Modern society has emancipated itself from the classical concept
223 1697 1956 1813 of religion. From the days of the Emperor Constantine and until far
220 1799 1972 1917 into the nineteenth century, the Christian church possessed a clearly
215 1899 2044 2020 defined character in public social life. The Christian faith had become
215 2001 1996 2127 the religion of society. Modern society, however, acquired its nature
212 2108 1942 2216 and its power precisely through its emancipation from this religious
207 2211 1980 2329 center. This society, in contradistinction to all previous societies,
204 2310 1861 2412 restricts itself to such social relationships as bind individuals
204 2412 1910 2517 together in the satisfying of their needs by means of their divided
199 2496 1969 2625 labor. Everything else that makes up a man's life--culture, religion,
196 2603 1923 2727 tradition, nationality, morals, etc.--is excluded from the necessary
193 2708 1789 2824 social relationships and left to each man's individual freedom.
392 2808 1966 2932 The Christian church has lost the character of cultus publicus
185 2905 1888 3037 to which it had been accustomed for more than a thousand years. It
2007 244 2098 347 102
