2470 3228
234 282 1985 387 Religion as the cult of co-humanity. The second role in which modern
231 392 1985 478 society expects religion to be effective consists in the transcendent
231 481 2004 578 determination of co-humanity as community. Since the beginning of the
231 583 1980 677 industrial revolution the romanticist reaction to the conditions that
226 680 2004 782 seem to rob man of his humanity has clung again and again, and in ever
226 782 2050 876 new forms, to the idea of "community." This idea of community, which is
223 879 2001 981 held to promise the saving of culture from technical civilization, has
223 979 1999 1078 its origins in romanticism. It is found in the Communist Manifesto as
223 1094 1910 1175 the revolution's goal in a ''free association of free individuals."
220 1194 1972 1291 idea of commnity is found with socially critical and socially thera-
1934 1119 2042 1191 The
215 1293 1996 1388 peutic intent also in Roman Catholic social teaching. However, in the
215 1393 2042 1484 course of the progress of industrial society this ideal of community has
215 1487 1966 1597 alsο lost its revolutionary power and been integrated into the indus-
212 1587 551 1665 trial system.
414 1686 1781 1788 In the circle of his friends, his intimate colleagues,
209 1783 2036 1885 neighbors and children, at home, in the choral society, and in the local
207 1891 1886 1987 community, it is as if man's businesslike and inhuman outlook were
207 1998 2034 2095 suddenly blown away. Through small groups the church can have its place
204 2098 1958 2181 and carry out its function. Here it can become a refuge of the inner
201 2189 2004 2291 life, away from the supposedly "soulless“ world of affairs. Conditions
204 2286 1953 2396 in the vast industrial complexes transcend our intellectual range and
199 2396 1068 2477 can no longer be mastered morally.
199 2552 1974 2657 Religion as the cult of the institution. A third role in which modern
196 2652 1993 2754 society expects the Christian religion to be effective is, surprisingly
193 2746 1872 2840 enough, once more to be found today in the institution with all it
193 2864 1888 2950 involves in the way of officialdom and official claims. Industrial
1966 225 2058 314 104
