2470 3228
433 266 2034 352 Lastly, the concept of the understanding of existence is also a
228 360 2009 435 heuristic medium of this kind. Here the phenomena of past history are
234 476 2007 554 interpreted and brought to consciousness on the basis of the possibil-
228 567 2004 645 ities of man's understandings of existence. The historian is then not
226 661 1832 747 so much interested in the events themselves and their causal or
228 774 1956 844 tendentious connections with other events but rather in the historic
226 866 1953 954 character of the several existences that have been and in the possi-
223 954 941 1051 bilities of human existence.
425 1078 1980 1148 Summarily, it is not due merely to the defective range of the
226 1170 1929 1258 human mind that history remains dark to it. This is due to history
226 1266 1982 1347 itself, which has not yet reached its end and therefore cannot yet be
223 1379 2052 1460 resolved into historical knowledge. It is knowledge only in a proleptic
220 1474 713 1544 or fragmentary way.
223 1630 2026 1705 Historiology. The question of historical heuristics leads of itself to
220 1724 2001 1807 the problem of the philosophy of history. But how can a philosophy of
217 1829 1921 1901 history be possible in the Greek sense of knowledge and of science?
215 1923 2001 2004 J. Burckhardt says the essence of history is change, yet change is the
217 2025 2052 2103 direct opposite of essence. We see an often unconscious transition from
215 2125 2047 2208 historical heuristics to philosophy of history. Ranke was constantly in
215 2238 1923 2308 search of a ''general bond“ of history. In a similar way, Ferdinand
217 2337 1939 2404 Christian Baur attempted to comprehend history as a universal whole.
215 2423 1948 2512 For Johann Custav Droysen, the realm of the histortcal method is the
215 2536 1996 2609 cosmos of the moral world. To see this moral world in its development
215 2638 1993 2714 and growth, in its successive movements, is to see it as history. For
212 2724 2044 2813 Wilhelm Dilthey, history is a human science, and the human sciences rest
215 2837 1966 2937 on the relationship between life, expression, and understanding. All
1996 177 2058 279 94
