2470 3228
392 594 1934 694 DEVELOPMENTS IN MOLTMANN'S THEOLOGY ACCORDING TO LATER BOOKS,
890 661 1409 728 ESSAYS, AND LECTURES
435 809 1988 909 Moltmann's major work is Theology of Hope. This book brought
234 893 1888 992 him to the attention of the theological world. Since then he has
231 987 1982 1094 written several other books and essays. He has also become a popular
231 1092 2001 1205 lecturer. We include here a digest of his second most important book,
226 1199 2042 1304 The Crucified God, and a brief summary of his book on anthropology, Man.
226 1296 2028 1396 We call attention to, and make some brief comments also on, two collec-
223 1396 1980 1509 tions of essays and lectures, Religion, Revolut ion and the Future and
220 1495 731 1592 The Experiment Hope.
1046 457 1294 527 Chapter 6
417 1810 2020 1899 Moltmann in this book stresses the theology of the cross. This
215 1904 2015 1998 theology began with Paul, leaped forward to Luther who gave it explicit
212 2009 2015 2095 expression, and is present today in the persecuted churches of the poor
209 2098 2012 2200 and the oppressed. Taking seriously the theology of the cross means to
207 2208 2007 2305 go beyond a concern for personal salvation and inquire about the liber-
204 2310 1837 2394 ation of man in the demonic crisis of society. It means to take
201 2399 1948 2512 seriously the claims of Reformation theology to criticize and reform.
199 2496 1926 2598 Moltmann feels this is the reverse side of the Christian theology of
196 2603 1856 2711 hope, whose starting point is in the resurrection of Christ.¹ He
398 2781 1875 2902 ¹Jürgen Moltmann, The Crucified God, R. A. Wilson and John
193 2840 1587 2950 Bowden, trans. (New York: Harper & Row, 1974), pp. 3-5.
904 1667 1388 1743 "THE CRUCIFIED GOD"
1076 2948 1170 3063 108
