2470 3228
1964 188 2026 274 21
199 279 2004 349 qwh includes the note of eternal strain. The word yḥl, "to wait," does
199 363 1977 449 not project this kind of tension. It rather presupposes the condition
193 457 1929 543 of "not yet" in which a man waits for what is coming and is oriented
193 559 1996 650 toward the event of its coming. The word hkh also appears to have this-
193 653 1972 745 emphasis. The word 'ahari̅t, "the end," by way of contrast, brings to
191 758 1899 858 full expression the note of the "future moment." The object toward
188 866 1972 952 which hope reaches lies at the end of a time span characterized by the
191 963 1964 1049 tension of waiting and involves something of result and goal. Another
188 1062 1843 1159 kind of stress is brought out by the words biṭṭa̅hon, "trust," and
182 1156 1942 1256 kisla̅h, "confidence." Here there is the suggestion that man, when he
182 1264 1988 1361 hopes, gives himself over to what is coming, places his trust in it and
182 1355 1800 1455 holds out for it, wins for himself certitude and even certainty.
382 1466 1961 1565 Zimmerli closes his fine vocabulary study of the Old Testament
180 1560 702 1643 with this statement:
379 1665 1931 1756 Old Testament faith reckons with the future. It is more than
277 1726 1832 1799 just a coincidence that it is precisely the people of the Old
279 1775 1907 1861 Testament, who far more than any other experienced death and the
279 1826 1853 1909 threat of death again and again, who never gave up hope in the
279 1872 1902 1950 future. The country which has arisen in our time under the name
290 1917 2001 2017 "Israel", labels its national anthem with the word tiqwa̅h, "hope".¹¹
379 2009 1977 2103 Rudolf Bultmann and Karl Rengstorf¹² provide comments of perti-
172 2122 1902 2208 nence to our study of Old Testament references. They point out that
172 2219 2001 2308 hope in the Old Testament is always looking for something good. As long
169 2318 1851 2412 as man lives he hopes. ¹³ To have hope and to have a future are an
172 2421 1996 2520 indication that a man is in the state of well-being. This hope is fixed
368 2579 834 2655 ¹¹Zimmerli, p. 10.
368 2652 1942 2749 ¹²Rudolf Bultmann and Karl Heinrich Rengstorf, "The Concept of
161 2714 1913 2816 Hope in the Old Testament," Bible Key Words (1971), Vol. V. pp. 8-13.
371 2784 1966 2886 ¹³They cite Ecclesiastes 9:4 which reads, "But he who is joined
164 2846 1888 2953 with all the living has hope, for a living dog is better than a dead
166 2905 317 2985 lion."
