2470 3228
226 277 1442 368 becomes true man.“13 According to one reviewer,
425 390 2028 465 He examines a variety of secular definitions and holds each one
328 446 1843 511 in turn up to the light of the love of the crucified Christ.
322 494 2061 570 Looking at answers proposed by biological, cultural, religious, and
322 543 2020 610 Christian anthropolgy, Moltmann finds in the first three categories
325 594 2023 661 valid, if limited, answers, and in the context of these disciplines
322 645 1926 715 he underscores man as a being whose very nature drives him to a
322 696 1969 761 constant, future-oriented redefinition and completion of himself.
320 745 1872 825 Moltmann challenges, the established church as well as secular
322 793 852 855 definitions of man. 14
417 898 1800 963 Man no longer lives so much in the realm of nature but
223 992 1974 1076 increasingly in the surroundings of his own works, organizations, and
220 1094 1878 1170 techniques. In the course of his release from the uncomprehended
220 1194 1999 1261 powers of nature, man comes at once into a new dependence upon his own
217 1293 1972 1366 works and organizations. Technical progress is regarded as identical
217 1385 1974 1466 with human progress. It is believed that everything that can be done
215 1484 1991 1576 also should be done, just because it is technically possible to do it.
217 1592 2023 1665 Finally, it is believed that maximum technical efficiency and unlimited
217 1702 1899 1778 economic, technical, and military growth in strength are values in
215 1788 505 1866 themselves.
414 1904 2044 1977 Following the crucified Jesus creates the distance of Christians
217 1995 2034 2068 from this "passing world" which one can only have "as if one had it not"
215 2095 1972 2170 (I Corinthians 7:29). Following the crucified Jesus also creates the
215 2192 1969 2273 strength for the incarnation of love in those possibilities which one
212 2305 1969 2372 has or finds. This love grips this life as if it were everything and
212 2402 1993 2472 yet at the same time knows that that which is is not all there is. It
212 2507 2015 2593 finds God in the concrete, and yet it knows that everything concrete is
212 2603 702 2671 transcended by God.
411 2768 979 2851 13Moltman, Man, p. 20.
414 2859 1904 2975 14Marianna Forde, "Man,“ Dialog, Vol. 14, No. 4, Fall 1975,
207 2918 524 3007 pp. 311-312.
1958 201 2050 314 121
