2470 3228
188 242 1929 317 human hearts before we sense the desperate need that exists for hope.
191 336 1867 419 It is at such a time as this that a "school of hope" has come into
188 435 1961 540 being. These theologians are being given an eager hearing by many who
188 540 1775 642 want to perceive and share a message of living hope in our day.
1956 166 1999 217 16
