2470 3228
433 683 1999 780 The word "hope" is defined in Webster's dictionary¹ as "trust,
228 782 2044 885 reliance; desire accompanied by expectation of or belief in fulfillment;
226 874 2012 979 someone or something on which hopes are centered; something hoped for."
223 981 1972 1078 By that definition, hope is a quality which many people have lost and
220 1081 1875 1188 for which they are eagerly searching at the present time. Social
215 1186 1945 1283 scientists characterize our age as one of anxiety and despair rather
215 1283 1982 1382 than hope. This kind of mood is fallow ground for a theology of hope.
215 1379 2012 1487 It is our purpose here to offer some sample reflections of contemporary
212 1487 2034 1600 thought and feeling as expressed by modern writers and to sketch briefly
209 1589 2012 1686 the search for identity which describes our modern dilemma. We do this
209 1692 1937 1794 to provide a background for a serious consideration of a theology of
207 1775 352 1877 hope!
734 548 1557 632 THE CONTEMPORARY SEARCH FOR HOPE
1046 408 1280 470 Chapter 2
678 1955 1549 2036 REFLECTIONS OF SOME MODERN WRITERS
400 2098 1996 2205 Walter Lowenfels, editor of The Writing on the Wall, introduces
199 2189 1821 2299 108 poems of protest with these comments in the preface which he
199 2281 887 2375 entitles "What Time Is It?"
395 2386 2015 2499 Poetry (or any other art) relates to the question: What time is
293 2450 1985 2542 it? There's no mystery about the answer today. We are all hung up
293 2507 1958 2606 on the hot line between atomic catastrophe and human triumph. "Oh
406 2692 1853 2816 ¹Webster's Seventh New Collegiate Dictionary (Springfield,
180 2751 1224 2854 Mass.: G. & C. Merriam Co., 1965), p. 400.
