2470 3228
341 242 2007 333 dear! Oh dear!" said the White Rabbit as he looked at his watch,
355 290 2012 390 "how late it's getting." That's what our poets are saying in this
341 333 476 411 book.
341 446 2031 532 here" or coming--but because we are the first generation absolutely
443 392 1991 484 Ours is a great time to be alive--not because "happy days are
341 500 2007 578 certain that tomorrow will not be like today. If it is, our coun-
341 546 1829 624 try's tomorrow is heading toward a silent atomic graveyard.
336 640 2026 731 here and now because things are as they are--not as they should be.
438 597 1961 677 For poets, of course, there will always be a red-hot inferno
339 699 2055 796 That's the theme of this anthology--resistance against the world the
336 755 742 817 way it is. . . .
438 798 2034 885 Poems project the future, they show how it feels to be human in
336 841 1226 919 the ice age of an automated world.²
430 949 1907 1043 One of the poems in the book is by Barbara Gibson entitled
242 1038 1904 1135 "Thinking About the Unthinkable." Her mind is filled with despair
228 1148 2023 1253 because she sees death all around her. She represents the mood of many
234 1266 516 1345 in our day
524 1366 1469 1439 The killing is unthinkable. Thinking
524 1412 1439 1479 about killing is unbearable. Babies
521 1460 1294 1530 are born and are killed and we
527 1509 1210 1573 think about it. "About it"
524 1562 1342 1627 is not it, is not enough, is not
521 1616 1216 1683 unbearable enough, is still
521 1659 1329 1732 thinkable. Stillborn is enough,
519 1713 1487 1786 but being born and then killed is more
521 1764 1436 1845 than enough, is unthinkable. Enough
521 1821 780 1883 is enough.
766 1856 1165 1934 We are thinking
513 1907 1302 1985 about the unthinkable, killing.
519 1961 1186 2025 It is unbearable. We bear
513 2009 1434 2082 babies and we kill them. The babies
513 2063 1485 2135 are thinking about us, somewhere where
519 2125 1302 2184 they are, killed, unborn. They
513 2165 1506 2246 are thinking that we are dead. Because
513 2216 1431 2289 we keep thinking and we keep bearing
513 2270 1272 2340 the unbearable. It is enough.
513 2316 1283 2386 It is too much to bear. It is
513 2367 1256 2434 unthinkable. But we kill and
508 2421 1304 2482 we become dead and we make dead
508 2466 1754 2555 and we are killed and we think and are thought of
508 2520 1043 2590 and it is unbearable.
505 2622 1275 2703 want to sink down into despair
1030 2571 1278 2641 We do not
403 2808 1942 2910 ²Walter Lowenfels, ed., The Writing on the Wall (Garden City.
199 2864 1668 2972 N. Y.: Doubleday & Company, Inc., 1969), pp. xiii and xvi.
2026 137 2063 231 5
