2470 3228
226 274 1974 368 became something which in its religious forms it never was and which,
228 371 2004 478 from a theological standpoint based on the New Testament, it can never
226 478 2007 567 seek to be, namely, a cultus privatus. The cult of the Absolute is no
226 575 2052 677 longer necessary for the integration of society. Even though the church
220 688 1880 780 no longer has to represent the highest goal of society, it can be
220 780 1921 879 assigned other roles in which it can be effective. This allows the
220 876 1310 965 church infinite possibilities of variation.
220 1049 2044 1140 Religion as the cult of the news subjectivity. The primary conception of
217 1145 2044 1229 religion in modern society assigns to religion the saving and preserving
215 1245 2044 1323 of personal, individual, and private humanity. "Islands of meaning“ are
215 1334 1896 1420 sought in a world which, while it is certainly not meaningless, is
212 1433 1918 1530 nevertheless nonhuman. As a result of the fact that all things and
212 1544 1956 1632 conditions can be manufactured by dint of technique and organization,
209 1638 1937 1724 the divine in the sense of the transcendent has disappeared from the
204 1745 2039 1829 world of nature, history, and society. The world no longer offers man a
204 1848 2009 1923 home and an abiding shelter. The world is surrendered to the reason of
204 1950 1982 2039 man. Our "neighbor“ comes on the scene only in personal encounter but
204 2049 2007 2138 not in his social reality. It is the man within arm's length or at our
201 2152 1931 2230 door who is our neighbor but not man as he appears in the social and
201 2246 643 2326 juridicial order.
395 2342 1856 2434 A cultural saving of humanity by means of cultivating and
199 2450 1977 2533 deepening our subjectivicy in constant metaphysical reflection, in art
196 2547 1974 2641 and religion, is romanticist escapism as long as social conditions are
196 2652 1972 2735 not changed. A theology which settles faith in the "existence“ of the
196 2746 1848 2840 individual is a theology which from the viewpoint of sociological
196 2854 1869 2929 science stands at the very place to which society has banished the
193 2953 1560 3050 cultus privatus in order to emancipate itself from it.
1961 209 2055 282 103
