2470 3228
696 710 1665 790 THE USE OF MOLTMANN'S THEOLOGY OF HOPE
944 809 1439 876 IN PARISH PREACHING
573 1818 1770 1885 A dissertation submitted in partial fulfillment
696 1901 1649 1987 of the requirements for the degree of
939 2047 1409 2130 DOCTOR OF MINISTRY
688 2256 1660 2332 CALIFORNIA GRADUATE SCHOOL OF THEOLOGY
357 2558 2125 2708 Approved by Batrus AbdalMalik Date May 3 1976
355 2681 2031 2824 Approved by By Beitzel Date May 10 1976
1143 1046 1224 1124 BY
998 1240 1358 1336 ERWIN G. WALZ
1113 2361 1237 2426 1976
