2470 3228
201 255 1929 341 communication and movement. He explores the urban landscape through
204 338 1926 433 essays, photographs, and poetry. One of the poems, written by Roger
196 446 1926 538 McGough, brings out the impersonalness of urban life and serves as a
196 556 1539 648 prophecy of what the future of the city could become.
546 720 1649 790 MOTHER, THE WARDROBE IS FULL OF INFANTRYMEN
371 815 1469 879 Mother, the wardrobe is full of infantrymen
373 860 866 922 i did, i asked them
371 909 1469 992 but they snarled saying it was a man's life
368 1008 1590 1100 Mother, there is a centurion tank in the parlour
371 1070 1038 1135 i did, i asked the officer
368 1121 1434 1199 but he laughed saying queen's regulations,
365 1178 1089 1248 piano was out of tune anyway
365 1272 1313 1347 Mother, polish your identity bracelet
371 1328 1487 1406 there is a mushroom cloud in the back garden
368 1385 1240 1447 i did, i tried to bring in the cat
365 1428 1364 1498 but it simply came to pieces in my hand
368 1482 1361 1549 i did, i tried to whitewash the windows
365 1533 906 1600 but there weren't any
365 1584 1361 1646 i did, i tried to hide under the stairs
363 1627 1560 1697 but i couldn't get in for civil defence leaders
365 1683 1288 1753 i did, i tried ringing Candid Camera
363 1732 1113 1807 but they crossed their hearts
363 1829 1711 1909 i went for a policeman but they were looting the town
363 1888 1840 1963 i went out for a fire engine but they were all upside down
360 1942 1684 2014 1 went for a priest but they were all on their knees
363 1993 1582 2057 mother don't just lie there say something please
363 2041 1638 2114 mother don't just lie there say something please¹⁰
382 2138 1786 2227 Many of the modern songs bring out the feeling of human
182 2240 1910 2332 lostness. The book entitled Sounds of Silence consists of poems and
180 2345 2007 2429 songs about loneliness. Betsy Ryan is the editor. We want to quote two
177 2447 1956 2536 of the songs as modern expressions of loneliness. The first one is by
180 2542 1471 2630 two of the Beatles, John Lennon and Paul McCartney:
1969 182 2028 236 11
384 2776 1956 2883 ¹⁰Michael E. Eliot Hurst, I Came to the city (Boston: Houghton
174 2824 955 2915 Mifflin Company, 1975), p. 354.
