2470 3228
390 266 1942 349 In this chapter Moltmann attempts to understand Christ in the
188 360 1991 454 light of his life and ministry. By "trial“ he does not mean simply his
188 462 2015 546 appearance before the Sanhedrin or Pilate but his struggle for the truth
188 556 2015 645 of God in which he was a witness and his trial in the judgment of God in
188 659 2015 747 which his witnesses speak up on his behalf. The crucified Christ is the
193 774 2015 858 key for all the divine secrets of Christian theology. His preaching was
193 860 1996 946 eschatological preaching like that of Paul. Jesus preached the kingdom
188 968 1921 1046 of God; Paul preached the righteousness of God. In the one case the
193 1076 1915 1154 future is just beginning and in the other case it has already begun.
193 1172 2020 1250 Jesus preached the traditions of contemporary Judaism. His announcement
193 1264 1880 1342 of the kingdom of God was so novel it led to his crucifixion. The
196 1361 1926 1449 content of his preaching also showed this change: he proclaimed the
199 1463 2023 1554 righteousness of God as the law of grace. His preaching was tied to his
196 1570 2015 1648 own person and with his hour, and his hour with the hour of his kingdom.
400 1675 1826 1748 The historical and hermeneutic question is how Jesus who
196 1778 1853 1850 preached became Christ who is preached. The basic christological
199 1866 1926 1958 question is how the dead Jesus became the living; the crucified, the
199 1982 1883 2055 resurrected; and the humiliated, the exalted. This eschatological
199 2071 2001 2154 mystery lies in the faithfulness of God who manifests himself to be the
199 2184 1643 2248 same in the abandonment and in the resurrection of Jesus.
400 2275 1982 2361 Scarcely any historian now doubts that Jesus of Nazareth lived
199 2364 1982 2455 at the beginning of our era. The question of the meaning of his death
201 2477 2009 2552 on the cross, however, remains open. His life and death are accessible
204 2574 2031 2657 to us in the sources only in the context of the interpretations in which
201 2671 2009 2751 his death was understood and recounted. His death cannot be understood
201 2768 1937 2856 without his life. His life cannot be understood without the one for
207 2872 2034 2985 whom he lived, his God and Father, and the gospel of the kingdom for the
1918 172 2009 244 112
