2470 3228
527 234 1401 312 but we are. We must not sink down
532 285 1315 365 there but we are there already,
532 341 1495 422 I think. That is why we keep thinking
527 392 1342 468 about the unbearable and bearing
530 443 1369 508 the unthinkable. That is because
527 492 1495 562 the unborn, stillborn, born but killed
524 543 1547 610 babies think ill of us. We cannot stand
527 597 1643 677 their ill will. The force of their thinking
524 648 1557 728 about us is sinking us down into despair,
524 699 1235 766 is drowning us in our guilt.
1226 747 1415 823 Tell me
521 790 1331 874 how to get out of this, someone.
521 844 1705 930 I need someone to help me get out of this poem,
519 906 1466 968 some baby somewhere perhaps. We need
519 952 1590 1016 someone to help us get out of this despair
516 997 1789 1078 we are sinking into and out of this thinking thing
516 1051 1635 1124 we've gotten into and all this unbearability
519 1102 1291 1167 and out of this poem. Help us
516 1148 1399 1221 get out of this killing, somebody.³
414 1245 1939 1328 Lawrence Ferlinghetti has produced a book of poetry which he
212 1347 2039 1433 entitled A Coney Island of the Mind. Of the title he writes, "The title
207 1447 1966 1538 of this book is taken from Henry Miller's Into the Night Life. It is
209 1541 2009 1635 used out of context but expresses the way I felt about these poems when
207 1643 2034 1745 I wrote them--as if they were, taken together, a kind of Coney Island of
204 1737 1910 1839 the mind, a kind of circus of the soul."⁴ In one of Ferlinghetti's
201 1839 1980 1947 poems he graphically expresses the noncommunicative attitude that goes
204 1947 618 2020 with depression:
328 2055 1043 2119 In Golden Gate Park that day
1003 2114 1923 2192 a man and his wife were coming along
379 2160 992 2224 thru the enormous meadow
1000 2200 1853 2291 which was the meadow of the world
271 2256 1068 2332 He was wearing green suspenders
998 2316 1845 2383 and carrying an old beat-up flute
320 2404 1243 2482 while his wife had a bunch of grapes
1622 2369 1921 2447 in one hand
1000 2455 1668 2539 which she kept handing out
1522 2512 1840 2593 individually
392 2706 957 2784 ³Lowenfels, pp. 38-39.
392 2794 1934 2910 ⁴Lawrence Ferlinghetti, A Coney Island of the Mind (New York:
191 2872 1326 2950 New Directions Publishing Corp., 1958). p. 8.
2020 139 2052 239 6
