2470 3228
255 298 799 392 Questions about Jesus
452 408 2082 497 Christian faith basically lives only as a profession of faith in
247 489 1880 602 Jesus. Wherever Jesus is acknowledged as the Christ of God there
247 597 1977 694 Christian faith is to be found. But who was Jesus of Nazareth? The
244 704 2047 801 more his divinity was emphasized the more difficult it became to demon-
242 798 1950 898 strate that God was of one substance with Jesus of Nazareth. It is
242 895 2069 1011 possible to interpret Jesus as the perfect man to those who by tradition
236 1003 2055 1108 are already Christians but hardly to pagans and post-Christian atheists.
234 1097 1991 1199 Modern Jesuology cannot reconcile the resurrection with events in the
231 1205 1902 1293 physical world and finds it impossible to take into account Jesus'
231 1296 2009 1409 abandonment by God. Therefore attention is turned away from his death
228 1404 1321 1490 and concentrated on his life and preaching.
427 1498 1961 1603 The events which took place around Jesus and at his word are
223 1608 2004 1700 signs of the messianic age. His office is upheld by the future of the
220 1697 1937 1799 kingdom which is inaugurated in and around him. The question about
220 1796 1996 1901 Christ is one of being questioned rather than of questioning. He asks
220 1899 1848 1998 the question, ''Who do you say that I am?“ This question aroused
212 2006 1872 2106 memories of figures in the past like Moses, the prophets, and the
215 2100 1942 2203 Baptist. It aroused the expectation of Israel. We should let Jesus
209 2203 2012 2308 change and correct our ideas about God and man. By confessing Jesus as
209 2308 1958 2402 the Christ, faith also confesses that his future is real. It antici-
204 2402 1958 2507 pates the future in which Jesus is proclaimed worthy as the Lamb that
201 2501 1910 2622 was slain⁴ and as the time when "God will wipe away every tear from
204 2606 546 2673 their eyes."⁵
201 2743 947 2843 The Historical Trial of Jesus
398 2932 839 3133 ⁴Revelation 5:12.
917 2953 1358 3042 ⁵Revelation 7:17.
1991 239 2082 303 111
