2470 3228
217 328 1813 430 elsewhere. What "resurrection of the dead“ really is, and what
226 414 1991 543 "actually happened“ in the raising of Jesus, is thus a thing which not
209 529 2012 634 even the New Testament Easter narratives profess to know. They use the
207 629 1883 737 term "raising“ to express not only a judgment about something that
207 723 1751 841 happened to Jesus but at the same time also an eschatological
201 820 516 909 expectation.
400 938 1926 1049 The disciples' proclamation that he was raised from the dead
193 1019 2020 1154 does not arise from peculiar powers of imagination or from a unique kind
193 1124 1966 1240 of inspiration. It arises from the comparing of the two contradictory
191 1223 1156 1320 experiences which they have of Christ.
387 1328 1789 1431 The experience of the cross of Jesus means for them the
285 1388 1985 1501 experience of the god-forsakenness of God's ambassador--that is, an
282 1439 2007 1541 absolute nihil embracing also God. The experience of the appearance
282 1490 2004 1595 of the crucified one as the living Lord therefore means for them the
279 1538 1931 1640 experience of the nearness of God in the god-forsaken one, of the
279 1589 1958 1686 divineness of God in the crucified and dead Christ--that is, a new
279 1640 1899 1745 totality which annihilates the total nihil. The two experiences
277 1683 1991 1802 stand in a radical contradiction to each other, like death and life,
274 1743 1926 1839 nothing and everything, godlessness and the divinity of God. But
274 1786 1950 1888 how can it be possible to identify both experiences in one and the
274 1845 1996 1942 same person without resolving either the one experience or the other
271 1891 1043 1969 and making it of no account?28
368 1990 1818 2092 The Easter appearances involved not only visions but also
164 2090 1942 2195 auditions as well. Without the speaking and hearing of words it would
161 2189 1961 2294 have been unlikely--indeed impossible--to identify the one who appeared
158 2283 1861 2404 with the crucified Jesus. It is surely a fact that the appearances
156 2394 1907 2496 themselves hardly provided the possibility of identifying the one who
153 2496 1904 2595 appeared with the one who was crucified. So we have to look for what
150 2593 1856 2695 was said by the one who appeared. What he said must have contained
147 2690 1899 2824 something in the nature of a self-identification ("It is I"). We can
341 2889 834 2980 28Moltmann, p. 198.
1977 279 2042 341 84
