2470 3228
244 204 1800 260 dear friend and former pastor, Lt. Col. J. Karl Jung, for his
247 287 2023 365 enthusiastic support throughout the whole project; to Julie Earick for
247 384 1972 465 the use of her books on contemporary poetry and songs; to the Church
247 489 1950 564 Council of Redeemer Lutheran Church for its gracious provision of a
247 586 1972 677 study leave to pursue this work; and--last but not least--to my dear
244 685 2044 766 wife Vivian for her faith in my ability to complete such a task and for
250 788 1939 874 her meticulous effort in typing the final copy of the dissertation.
244 893 2071 992 Above all, I want to acknowledge the steady influence of the Holy Spirit
244 989 1875 1119 who moved me to begin this project and enabled me to bring it to
250 1100 540 1199 completion!
1980 96 2058 185 iii
