2470 3228
443 817 1886 903 This dissertation wrestles with a very real problem. Our
234 906 1982 1014 society, with all its material, educational, and technical advantages
231 1016 1835 1108 over previous societies, is in the grip of a feeling of despair
231 1110 2001 1210 regarding the future. The population explosion and a dwindling supply
228 1213 1883 1312 of resources are causing an increasing number of people to lead a
226 1301 2001 1414 demeaning and deprived existence. Thousands of people are in the grip
223 1420 1999 1511 of hunger and starvation. Civilization has not been able to solve the
223 1517 1875 1611 threat and onslaught of war. Industry has benefited humanity but
220 1614 1896 1710 increasing demands for production have caused pollution of natural
217 1721 2034 1821 resources and environment, as well as impersonalness in human relations.
217 1813 1996 1923 Human greed and misuse of power have eroded the people's confidence in
212 1920 2015 2017 business and governmental leaders. The church, with its vast spiritual
209 2009 2034 2119 and human resources, has not proved itself very effective in the face of
209 2117 1961 2219 society's needs. In fact, generally speaking, the church still seems
207 2219 1700 2316 more interested in saving itself than in redeeming society.
408 2316 1950 2423 In light of these circumstances we are raising the questions,
217 2415 1980 2517 "Is there hope for the future? If so, what is its basis and how can a
201 2528 1974 2620 message of hope be formulated and communicated to modern society?" In
199 2633 1974 2716 approaching this second phase of the problem we turn in our study to a
196 2719 1948 2843 modern "school of hope" with particular emphasis upon the writings of
1057 376 1291 451 Chapter 1
1000 529 1318 605 INTRODUCTION
1019 653 1315 753 THE PROBLEM
