2470 3228
1974 225 2069 287 100
242 312 2061 390 of a divine mission which transcends the bounds of the humanly possible.
239 384 1918 478 Man attains to knowledge of himself by discovering the discrepancy
239 484 2074 578 between the divine mission and his own being. Hence the answer received
239 597 2017 688 to man's question about himself and his human nature runs: "I will be
236 685 530 766 with thee."
435 793 1937 885 The theory of world-transforming, future-seeking missionary
231 898 2015 981 practice does not search for eternal orders in the existing reality of
234 984 2058 1084 the world but for possibilities that exist in the world in the direction
228 1100 2058 1188 of the promised future. The call to obedient molding of the world would
226 1194 2052 1293 have no object if this world were immutable. The man who is summoned by
228 1299 1985 1385 the divine promise to the transforming of the world falls outside the
223 1401 2026 1484 sphere of Greek cosmic thinking. He has here "no continuing city," for
223 1501 2044 1595 he seeks ''the coming city of God." For him, the world can be changed by
223 1597 1974 1692 the God of his hope and to that extent also by the obedience to which
220 1700 1996 1796 this hope moves him. His experience and his expectation of history is
217 1799 1878 1891 both opened up and tied down by the future promises of the God he
215 1896 457 1966 believes.
411 1995 1913 2084 We can speak of "the tradition of the eschatological hope."
212 2103 1991 2189 Christian proclamation begins with the raising of the crucified Christ
212 2192 1939 2297 and his exultation to be Lord of the coming world of God. Christian
209 2305 1840 2388 proclamation is not a tradition of wisdom and truth in doctrinal
209 2396 1985 2501 principles nor is it a tradition of ways and means of living according
209 2499 1886 2590 to the law. It is the announcing, revealing, and publishing of an
204 2606 1859 2695 eschatological event. Christian proclamation shares with the Old
207 2703 1574 2794 Testament tradition its orientation toward the future.
403 2811 1982 2891 The new aspect in the Christian proclamation, however, lies in
204 2910 2001 3012 its universal mission to all peoples. Christian "tradition" is mission
