2470 3228
1969 223 2066 293 114
239 301 2058 384 Son divides God from God to the utmost degree of enmity and distinction.
239 373 2042 497 The resurrection of the Son abandoned by God unites God with God in the
234 484 925 564 most intimate fellowship.“⁷
234 642 1078 728 The Eschatological Trial of Jesus
433 734 2058 828 In this chapter Moltmann attempts to achieve an understanding of
226 839 1913 928 Jesus in the light of the eschatological faith which proclaims his
226 933 1982 1035 resurrection and so proclaims him as the Christ. The risen Christ is
226 1035 2004 1140 the historical and crucified Jesus and vice versa. The union of Jesus
220 1143 1931 1232 with God and of God with Jesus was constituted for primitive Chris-
220 1242 2050 1339 tianity by that event which it originally and rightly called "the resur-
220 1331 1848 1433 rection of Jesus.“8 Jesus' resurrection from the dead was never
217 1433 2047 1533 regarded as a private and isolated miracle for his authentication but as
215 1535 2023 1643 the beginning of the general resurrection of the dead, as the beginning
212 1635 2044 1743 of the end of history in the midst of history. In this sense it was the
209 1732 1894 1839 beginning of the eschatological transformation of the world by its
209 1848 1966 1942 creator. Jesus' historical crucifixion was, therefore, understood as
209 1939 1961 2033 the eschatological event of judgment and his resurrection as a hidden
204 2039 1961 2141 anticipation of the eschatological kingdom of glory in which the dead
204 2149 1961 2246 will be raised. So in the history of the unrighteous world there are
201 2235 1396 2329 already anticipatory revelations of his future.
398 2340 2028 2437 Easter faith can never mean that the dead Jesus returned to this
199 2439 1934 2536 life, which leads to death. Lazarus, who was raised by Christ, died
196 2550 1996 2641 again. The symbol of "resurrection of the dead" means a qualitatively
196 2649 1974 2751 new life which no longer knows death and therefore cannot be a contin-
395 2821 861 2907 ⁷Moltmann, p. 152.
390 2915 1708 3028 ⁸Note especially Romans 10:6 and I Corinthians 15:1.
