2470 3228
282 279 2015 390 Criticism and crisis. Modern man's epochal experience of history is
274 379 2007 492 grounded in the experience of infinitely new and overwhelming possi-
274 462 2104 602 bilities which cannot be mastered by the customary methods of his tradi-
269 562 2004 699 tions. It is in terms of crisis that history becomes perceptible to
266 675 2023 793 him. Historical criticism of his traditions is the offspring of this
260 766 1988 903 consciousness of crisis. All reflection on "history" by historians,
258 868 2063 1000 sociologists, and philosophers of history on the continent of Europe in
255 960 1913 1094 the nineteenth century has behind it the earthquake of the French
252 1073 2001 1202 revolution and before it the incalculable consequences of that event.
244 1172 1982 1293 With it there came an awareness of the totally historic character of
242 1266 2050 1409 life as the total criticalness of man's world. "Crisis“ has ever since
239 1374 1872 1490 become the theme of historical research and the basic concept of
236 1476 1253 1573 reflection on the philosophy of history.
435 1576 2061 1700 The sense of history, the interest in history, and the necessity
228 1681 1942 1796 to understand history always rise in critical times of unrest. New
226 1778 2009 1901 possibilities that were hitherto unknown and unsuspected begin to dawn
220 1877 2007 2009 on the horizon: The crisis becomes one of universal world history and
215 1974 2001 2111 affects the whole existence of man and his world. Every crisis throws
215 2087 2044 2211 up the question of the historic future. This means that for the present
207 2181 1993 2305 a decision has to be made which finds no precedent in the past and for
204 2286 1915 2412 which traditional custom no longer provides any rule. The decision
201 2388 1864 2501 which is forced upon the present must arise from our dream of the
199 2488 1886 2598 future. Since 1789, the land of "utopia" no longer lies somewhere
193 2587 1980 2703 beyond the seas, but by means of the belief in history and the idea of
191 2692 1974 2808 progress it is shifted to the future which is possible. For the first
191 2778 1996 2907 time, history is subjected to the influence of an apocalyptic millenar-
191 2889 1918 3031 ianism and an apocalyptic enthusiasm of spirit, for which the end is
2044 228 2112 295 90
