2470 3228
250 306 1929 400 from the eternal present of being to the open possibilities of the
244 403 2020 505 future, from the metaphysical glorification of the cosmos to the sense
242 500 1186 597 of mission that transforms the world.
443 599 1948 699 In recent years all historians and thinkers on history have
236 712 2034 815 possessed a sense of mission, a belief in a history that is meaningful,
236 809 2015 903 and a faith in the great task of mankind. Modern views of history can
234 901 2015 1006 no longer renounce the governing idea of a "universal history or world
231 997 1867 1110 history.“ It can be said that only where a knowledge of mission
231 1119 1913 1202 supplies the sense of a future and a purpose is there room for the
228 1202 1931 1304 concept of the uniqueness of events and of a meaningful future. If
228 1310 1907 1409 there are no prospects at all then history becomes pointless. The
226 1406 2050 1506 understanding of history, of its possibilities for good and evil, of its
220 1519 2028 1608 direction and its meaning lies in the field of hope and can be acquired
217 1600 511 1686 only there.
215 1761 1872 1874 Death and guilt as driving forces of the historical outlook. One
212 1858 1993 1955 historian said correctly, "To me the great historic events of the past
212 1958 1991 2055 always seem like frozen cataracts--pictures that have stiffened in the
209 2065 2015 2168 cold of vanished life and keep us at a distance.“32 So why do we do it
207 2168 2034 2273 and why do we not rather flee the shadowy realm of the past? Underlying
204 2259 1985 2356 all history is the fact that history is memory. Our faculty of remem-
204 2361 1808 2458 bering matters of history is always selective. Remembering and
201 2455 2007 2571 forgetting are interwoven in each other. Historical science has a task
196 2568 1982 2660 of criticism and purification. R. Wittram has called guilt the secret
196 2657 2023 2778 motor which keeps the movement going, mostly hidden, always at work, the
395 2856 1991 2983 32Reinhard Wittram, Das Interesse an der Geschichte (Göttingen:
193 2921 1162 3018 Vandenhoeck & Ruprecht, 1958). p. 15f.
2012 247 2074 333 96
