2470 3228
247 303 1950 363 call this a self-revelation of Jesus. The Lord who is believed and
244 395 1969 476 proclaimed at Easter therefore stands in continuity with the earthly
244 489 1821 575 Jesus who had come and been crucified--a continuity which must
242 599 2015 672 repeatedly be sought and formulated anew and can never be surrendered.
443 691 2034 772 The identity of Jesus can be understood only as an identity in,
244 790 2044 871 but not above and beyond, cross and resurrection--that is, that it must
242 895 2017 976 remain bound up with the dialectic of cross and resurrection. In that
244 995 1999 1081 case the contradictions between the cross and the resurrection are an
244 1105 2044 1180 inherent part of his identity. What happened between the cross and the
242 1207 1950 1285 Easter appearances is an eschatological event which has its goal in
247 1299 2012 1377 future revelation and universal fulfillment. It points beyond itself,
244 1401 1969 1482 and even beyond Jesus, to the coming revelation of the glory of God.
247 1501 2001 1576 Then Jesus identifies himself in the Easter appearances as the coming
244 1595 2074 1673 one, and his identity in cross and resurrection points the direction for
247 1716 1259 1783 coming events and makes a path for them.
446 1810 1950 1877 The appearances of the risen Lord were experienced by those
244 1909 1996 1979 involved in service and mission to the world, not as blissful experi-
244 2012 1996 2084 ences of union with the divine Being appearing here. His appearances
244 2111 2023 2181 were vocatory appearances by which the men involved were set to follow
247 2205 2023 2289 the footsteps of the mission of Jesus. The perceiving of the event of
244 2316 2047 2383 resurrection which took place in him thus led by logical necessity to a
244 2410 1974 2493 perception of their own mission and their own future. Only when his
244 2501 1996 2585 history is thus seen as determined by the eschaton, and only when our
244 2606 1904 2687 own consciousness of history takes the form of a consciousness of
244 2700 1980 2792 mission, can the raising of Jesus fron the dead be called "historic.“
252 2862 1950 2948 The future of Jesus Christ. If we ask what the future of the risen
247 2969 2050 3055 Christ contains by way of promise and expectation, we discover promises
2001 209 2066 263 85
