2470 3228
244 247 1307 330 fetishism, involving gold and possessions.
443 344 2044 446 Early Christianity was persecuted as godless and hostile to the
239 446 1808 543 state by both the Roman authorities and by pagan philosophers.
236 538 2039 648 Christian apologists were therefore all the more zealously concerned to
234 640 2015 747 rob these charges of their force and to present the Christian religion
231 753 1988 847 as the religion which truly sustained the state. Recollection of the
228 844 2031 957 fate of the crucified Christ and his followers retreated into the back-
226 954 1907 1054 ground. Christian theology must adopt a critical attitude towards
223 1054 1956 1145 political religions in society and in the churches. It must seek to
223 1154 2004 1248 demythologize state and society. The crucified God is a stateless and
220 1258 2047 1353 classless God. This does not mean that he is an unpolitical God. He is
220 1350 1611 1444 the God of the poor, the oppressed, and the humiliated.
414 1447 1972 1549 Just as there are psychological pattern formations which make
212 1552 1896 1648 men ill, so too there are hopeless economic, social, and political
209 1646 1966 1751 pattern formations which drive life toward death. Liberation must be
209 1756 1939 1858 sought in all these areas in every specific situation. The cause of
207 1848 1980 1963 liberation is not established but is constantly in process and is only
207 1958 1495 2052 comprehended by participatory, dialectical thought.
1977 174 2077 298 120
398 2259 1953 2351 Under this titlel12 Moltmann asks, "What is man?“ Man is here
193 2356 1816 2453 compared with animals, with other men, and with God. He writes,
201 2442 2023 2568 "Christian anthropology is an anthropology of the crucified Lord: it is
191 2560 2017 2671 in relation to this 'Son of Man' that man recognizes his truth and first
390 2746 1856 2878 12Jürgen Moltmann, Man, John Sturdy, trans. (Philadelphia:
185 2805 747 2910 Fortress Press, 1974).
1062 2130 1194 2197 "MAN"
