2470 3228
252 274 1980 373 uation of this mortal life. Resurrection life is not a further like
247 373 1910 462 after death, whether in the soul or the spirit, in children or in
247 484 2001 572 reputation. It means the annihilation of death in the victory of the
244 562 1974 669 new, eternal life, as Paul declares in I Corinthians 15:55. The new
244 672 1974 777 world of the righteousness and presence of God has already dawned in
242 774 2017 866 this one person in the midst of our history of death. "Whereas Jewish
239 876 1921 965 apocalyptic says that men should wait for 'the resurrection of the
236 968 2063 1073 dead,' Easter faith says that men should believe in 'the resurrection of
236 1067 834 1154 Jesus from the dead.'"9
435 1180 1985 1266 Early Christians understood the resurrection as a preparatory
234 1283 1988 1369 and preliminary action of God in Jesus for the good of themselves and
231 1371 2058 1468 the world. His resurrection qualifies the one who has been crucified as
231 1471 2034 1570 the Christ and his suffering and death as a saving event for us and for
226 1576 2052 1678 many. God himself was active with his own being in the dying Jesus. He
223 1683 1974 1770 suffered with him. God suffered in Jesus, God himself died in Jesus,
223 1775 2050 1874 for us. God is on the cross of Jesus "for us." Through that he becomes
220 1874 1926 1969 God and Father of the godless and the godforsaken. The true God is
220 1977 2044 2076 therefore not recognized by his power and glory in the world but through
215 2071 1939 2170 his helplessness and his death on the scandal of the cross of Jesus.
212 2168 2042 2281 Moltmann says, "For Christ's sake I am an atheist in respect to the gods
209 2281 1991 2383 of the world and world history, the Caesars and the political demigods
207 2364 715 2464 who follow them."10
209 2531 656 2614 The Crucified God
403 2641 1977 2727 Moltmann goes on to develop the consequences of this theology.
201 2730 2001 2848 He feels that without new insight into the Christian faith Christianity
406 2915 869 3010 9Moltmann, p. 171.
952 2915 1442 3023 10Moltmann, p. 195.
1985 201 2079 312 115
