2470 3228
1989 224 2084 285 105
260 301 2034 389 society in the highly industrialized countries is today again consoli-
256 383 2001 493 dating itself in new institutions. This institutionalizing, however,
251 484 2005 584 brings about at the same time by an inner logic the suspension of the
251 593 2073 688 question of meaning. The Christian religion is left alone and unopposed
249 686 2021 790 on the field of ideologies and world views. Modern man is prepared to
245 787 2044 894 delegate to the church as an institution the problems regarding his own
243 898 1913 995 believing decision and leave the detailed questions to theological
242 997 563 1059 specialists.
437 1095 1863 1190 If Christianity, according to the will of him in whom it
233 1196 1863 1291 believes and in whom it hopes, is to be different and to serve a
231 1292 1982 1393 different purpose, then it must address itself to no less a task than
229 1393 1883 1486 that of breaking out of these socially fixed roles. It must then
226 1497 2000 1594 display a kind of conduct which is not in accordance with these. This
226 1599 1998 1692 is the conduct which is imposed on every Christian and every Christian
218 1694 1926 1798 minister. If the God who called them to life should expect of them
220 1798 2043 1895 something other than what modern industrial society expects and requires
213 1895 2017 1999 of them, then Christians must venture an exodus and regard their social
213 2004 1939 2098 roles as a new Babylonian exile. It is achieved by breaking through
211 2101 1912 2196 social stagnation. Hope alone keeps life--including public, social
211 2195 801 2273 life--flowing and free.
206 2351 1926 2464 Christianity within the horizon of the expectation of the kingdom of
202 2456 2025 2553 God. Christianity has its essence and its goal not in itself and not in
200 2550 1924 2654 its own existence. It lives from something and exists for something
197 2652 1820 2750 which reaches far beyond itself. The risen Christ calls, sends,
195 2754 1989 2849 justifies, and sanctifies men and in so doing gathers, calls, and sends
195 2853 1942 2960 them into his eschatological future for the world. As the promise of
