2470 3228
239 285 1894 363 expressions of life stand in a sphere of community and are under-
236 368 1969 476 standable only in such a sphere. Martin Heidegger sets out from the
236 470 2069 567 view of history contained in Dilthey's philosophy of life. For him the
242 567 1988 669 "basic weakness" of thus seeing history in terms of the philosophy of
231 683 1888 777 life lies in the fact that "life" itself has not been taken as an
231 777 745 858 ontological problem.
430 879 2009 981 Summing up this brief review of the philosophy of history that
228 987 2052 1070 emerges from historical heuristics, we find that the definition, compre-
226 1078 1961 1186 hension, and understanding of history inevitably brings about at the
223 1191 2004 1275 same time abrogation, negation, and annihilation of history. When the
220 1285 1878 1371 primary question is that of the origin, substance, and essence of
220 1385 2001 1471 history, then the concrete movements, changes, crises, and revolutions
217 1487 1878 1568 which constitute history are related to some factor that does not
220 1589 1996 1675 change, always exists, and has equal validity at all times. An escha-
220 1683 1972 1770 tology of history, however, which revolves around the concepts of the
215 1780 1988 1877 new and the future, would be in a position to take history as history.
215 1891 1988 1982 to remember and expect it as history and thus not to annihilate history
212 1982 729 2057 but to keep it open.
209 2133 1964 2243 Eschatology of history--philosophic millenarianism. It was the theo-
209 2248 1894 2334 logical evaluation of ''time“ resulting from the expectation of the
204 2342 1982 2426 arrival of the promised future of God in terms of Jewish and Christian
204 2447 1961 2528 messianic thought that first opened the Greek mind for the problem of
204 2544 2009 2633 history and for the philosophic idea of a purposeful, irreversible, and
204 2652 2031 2727 unrepeatable process of history. The combining of both spheres of truth
201 2749 2031 2829 and both ways of thinking brought about the decisive transition in Greek
204 2837 1921 2959 thinking from the static to the dynamic, from substance to function,
2009 215 2058 298 95
