2470 3228
567 242 1313 312 In between you're on your own
565 295 1329 368 Hard to stand there all alone.
562 400 1331 465 Someone's crying down the hall
565 451 1280 524 Dying cries they tell it all
562 503 1563 583 Lord,. this life is a hard thing to live
565 556 1272 618 And harder still to leave.¹²
387 648 1988 739 After this brief review of current poetry and songs we are left
185 742 1939 831 with the feeling that Jesus' words of long ago apply very forcibly to
185 844 2012 930 our times: "When he saw the crowds, he had compassion for them, because
188 944 1864 1041 they were harassed and helpless, like sheep without a shepherd. "¹³
382 1245 2009 1334 Dramatic strides have been made by modern man in the conquest of
180 1350 1985 1425 his environment. The words God addressed to man at creation have taken
180 1463 1808 1533 on fantastic reality in the twentieth century! "Be fruitful and
180 1552 1958 1630 multiply, and fill the earth and subdue it; and have dominion over the
180 1648 1883 1743 fish of the sea and over the birds of the air and over every living
182 1748 1081 1834 thing that moves upon the earth."¹⁴
376 1850 1950 1934 Predictions of future technical mastery of the material world,
180 1958 1982 2033 the life processes, and space are mind-boggling. Keen observers of the
180 2055 1982 2141 human condition, however, find that we cannot say that man has mastered
177 2157 1875 2248 himself and the mystery of his own being. Walther Zimmerli rightly
177 2259 365 2351 states,
379 2367 1977 2437 In the midst of all his technical prowess, he is more than ever
277 2421 1902 2496 engaged in the search for himself. In the last century he could
277 2469 1800 2533 rest secure in a world held together by the great designs of
279 2517 1926 2587 idealist philosophy, but in our day he has been frightened out of
277 2571 1977 2638 this refuge. The terrible awakening of the postwar years created a
274 2625 1902 2684 new hearing for the existentialist understanding of man with its
274 2673 1926 2757 experience of anxiety and vulnerability. What is there about the
352 2862 731 2961 ¹²Ryan, p. 45.
508 1092 1740 1191 THE SEARCH FOR IDENTITY IN AN AGE OF TECHNOLOGY
1931 107 2023 236 13
804 2859 1205 2969 ¹³Matthew 9:36.
1248 2856 1641 2956 ¹⁴Genesis 1:28.
