2470 3228
2023 228 2079 303 99
260 312 2087 392 history of reality; (b) the proofs of God from human existence, from the
258 400 1939 489 soul or from the self-consciousness of man's necessary ability and
258 481 1939 602 obligation to be a self; and (c) the proofs of God from “God,“ the
252 591 2079 696 proofs of the existence of God, or of the quest of God, from the concept
252 696 1961 796 or name of God. These three possibilities have their corresponding
250 804 2052 898 results in the principles of hermeneutics, exegesis, and the scientific
250 898 2052 1000 treatment which that involves in our dealings with history and with the
247 997 1014 1078 historic witness of the Bible.
443 1086 2023 1197 All proofs of God are at bottom anticipations of that eschato-
242 1188 1969 1301 logical reality in which God is revealed in all things to all. They
236 1293 2066 1404 assume this reality as already present and as immediately perceptible to
236 1406 1942 1495 every man. The hermeneutic principles developed from them take the
234 1509 1964 1605 presence of God which can be demonstrated, experienced, or perceived
234 1603 1888 1710 from and made it the point of reference for the exposition of the
228 1702 998 1780 historic witness of the Bible.
430 1796 2058 1899 The key to the hermeneutics of the historic witness of the Bible
226 1909 1934 1998 is the ''future of Scripture.“ All the biblical scriptures are open
226 2004 2023 2111 towards the future fulfillment of the divine promise whose history they
223 2111 1956 2200 relate. The point of reference and the aim in the exposition of the
220 2200 2023 2302 biblical witness is not something universal which lies at the bottom of
217 2310 1993 2404 history or at the bottom of existence and keeps everything moving, but
220 2407 1923 2504 the concrete, present mission of Christianity towards the future of
212 2509 1969 2603 Christ for the world. God is revealed in this mission as the God who
212 2601 704 2690 calls and promises.
411 2706 1985 2802 The dominant question of all anthropology--who or what is man?
207 2816 2012 2905 who am I?--does not arise in the biblical narratives from comparing man
204 2902 2034 3034 with the animals or with the things of the world. It arises in the face
