2470 3228
209 260 1961 368 He no longer has a clear and certain criterion for distinguishing the
207 357 1982 462 good from the bad. What he is being offered is a compass gone berserk
207 457 1017 540 and lights misplaced in the fog.
403 562 1999 659 When values have been reversed the person can no longer put any
199 667 1999 769 credence in values. There is no fixed landmark for knowing where he is
196 750 1923 871 and so he can no longer entertain a hope. In a telling statement he
193 852 1638 968 shows how the feeling of futility grips youth and adults:
395 957 1991 1065 The only difference between the adults without a future and the
287 1024 1939 1113 young people without a project is that the former are at pains to
290 1073 1864 1164 conceal from themselves what they are living, while the latter
287 1127 1891 1215 display it brazenly and make it a rule of life. When the young
287 1170 1988 1264 forcefully affirm the irrational, the more so when they live it and
285 1226 1810 1318 operate in the communal manner, when they reject morality as
285 1269 1961 1366 something without foundation and dead, a source of hypocrisy, when
287 1328 1902 1423 they reject reason as stiff, cold, inept, and in fact senseless,
279 1379 1980 1476 when they take the plunge into the wellsprings of life and claim to
279 1425 1907 1514 open up the secrets of a marvelous new world, then what they are
282 1474 1929 1565 really doing is unmasking the actual situation of every person in
279 1522 1953 1614 this society. They are revealing this irrational which I tried to
277 1573 1829 1667 emphasize above: the contradiction between that which exists
277 1630 1966 1724 objectively and the way man lives it, experiences it, and feels it,
277 1678 1907 1767 this man who, the more he is satiated the more he complains of a
274 1721 1743 1813 lack, the more he is reassured the more he is afraid, etc.
376 1780 1950 1872 These are basically irrational behavior patterns. In order to
269 1823 1869 1915 ward off his insecurity, this man dives with his head down into
271 1880 1945 1969 every religion and belief. He accepts every myth. But he doesn't
269 1928 1918 2022 want it said openly. He wants to maintain his dignity as a fully
269 1977 1867 2065 evolved man of the twentieth century. If he goes to a fortune-
269 2028 1931 2125 teller and anxiously studies a horoscope, he will do it in secret.
371 2079 1931 2181 This irrational has not been laid bare by youth intentionally,
266 2119 1891 2224 but their own irrational attitude is itself a laying bare of the
266 2173 1891 2270 inner conflict. They are, in point of fact, the children of the
266 2232 1864 2316 adults which we are. They have revealed to us the cause of our
266 2278 1878 2380 inmost condition. Bearers of the future because they are young,
263 2334 1939 2429 they announce that they are without a future because their fathers
260 2377 1907 2480 have lived without a future. The young, for their part, glory in
260 2434 1977 2523 it. They cancel continuity and immerse themselves in the present.¹⁷
352 2528 1832 2620 Our brief look at man in search for identity does not make
147 2625 1929 2751 pleasant reading. Nevertheless, we need a picture of the emptiness of
1966 204 2034 271 15
352 2848 834 2945 ¹⁷Ellul, pp. 14-15.
