2470 3228
263 252 1939 349 examines the inner tendency of the resurrection event, asking what
260 336 2009 462 rightly can and must be expected from the risen and exalted Lord. It
258 438 1861 551 recognizes as the outer tendency, or as the consequence of this
255 538 2004 669 tendency, its own mission: "The gospel must first be preached to all
250 640 815 723 nations“ (Mark 13:10).
449 750 1977 858 One could say that Christian eschatology is the study of the
244 847 1999 963 tendency of the resurrection and future of Christ and therefore leads
242 949 1896 1065 immediately to the practical knowledge of mission. The Christian
239 1051 2017 1175 consciousness of history is not a consciousness of the millenia of all
234 1148 2036 1272 history, in some mysterious knowledge of a divine plan for history, but
231 1250 1783 1358 it is a missionary consciousness in the knowledge of a divine
231 1353 1883 1471 commission. It is therefore a consciousness of the contradiction
228 1447 1950 1573 inherent in this unredeemed world and of the sign of the cross under
223 1557 1665 1667 which the Christian mission and the Christian hope stand.
425 1654 1923 1764 It is only in this context, too, that the question of "true
320 1705 1915 1821 human nature" arises--the question of what makes man to be true
317 1761 1942 1861 man--and is answered by the disclosure of a way, a promise and a
317 1813 1993 1912 future in which "the truth" comes to man and he himself is brought
317 1864 1934 1971 into the truth. Conmunion with Christ, the new being in Christ,
320 1909 2028 2017 proves to be the way for man to become man. In it true human nature
314 1958 2034 2065 emerges, and the still hidden and unfulfilled future of human nature
309 2017 2034 2122 can be sought in it. This is an openness of human existence towards
309 2057 1985 2173 the world and towards the future--an openness grounded, manifested
306 2117 1961 2213 and kept alive by that openness of the revelation of God which is
306 2162 1956 2267 announced in the event of the resurrection of Christ and in which
306 2211 2028 2329 this event points beyond itself to an eschaton of the fulness of all
301 2256 538 2337 things.27
2026 204 2090 325 83
199 2423 2009 2536 The identity of the Lord who appears as risen with the crucified Christ.
191 2517 1926 2630 Nowhere is the actual process of the raising of Jesus described in a
191 2614 1945 2727 historicizing or mythological way. It is covered by a term ("raising
191 2703 1964 2840 from the dead") for which there is no basis in experience hitherto and
384 2891 871 3002 27Mοltmann, p. 196.
