<?xml version="1.0" encoding="UTF-8"  standalone="yes"?>
<PcGts xmlns="http://schema.primaresearch.org/PAGE/gts/pagecontent/2019-07-15" xmlns:xsi="http://www.w3.org/2001/XMLSchema-instance" xsi:schemaLocation="http://schema.primaresearch.org/PAGE/gts/pagecontent/2019-07-15 http://schema.primaresearch.org/PAGE/gts/pagecontent/2019-07-15/pagecontent.xsd">
  <Metadata externalRef="https://opendigi.ub.uni-tuebingen.de/opendigi/image/walz_1976/walz_1976_00124.jp2/full/full/0/default.jpg">
	<Creator>escriptorium</Creator>
	<Created>2023-05-15T06:16:28.562890+00:00</Created>
        <LastChange>2023-05-15T06:16:28.562902+00:00</LastChange>
  </Metadata>
  <Page imageFilename="walz_1976_00124.jpg" imageWidth="2470" imageHeight="3228">
    <TextRegion id="eSc_textblock_c7129dca"  >
      <Coords points="2050,384 1974,430 2071,505 2039,664 1748,753 1751,785 1931,796 1974,850 1910,1266 710,1266 570,1277 578,1331 535,1363 215,1342 215,903 247,839 344,825 236,815 215,761 236,290 1942,290 1999,266 1956,255 1966,193 2050,193 2050,255 2017,258 2050,384"/>
      <TextLine id="eSc_line_3c83ff8f" >
        <Coords points="1958,215 1956,242 1956,269 2044,269 2044,242 2036,196 1980,196 1958,215"/>
        <Baseline points="1956,242 2044,242"/>
        <TextEquiv>
          <Unicode>117</Unicode>
        </TextEquiv>
      </TextLine>
      <TextLine id="eSc_line_e53d423f" >
        <Coords points="1111,290 1084,290 1057,290 1030,290 1003,290 976,290 949,290 922,290 895,290 869,290 842,290 815,290 788,290 761,290 734,290 707,290 680,290 653,290 626,290 600,290 573,290 546,290 519,290 492,290 465,290 438,290 411,290 384,290 357,290 330,290 304,290 277,290 250,290 247,282 226,282 226,333 226,357 2023,352 2026,341 2023,298 1124,290 1111,290"/>
        <Baseline points="226,333 2026,341"/>
        <TextEquiv>
          <Unicode>idols. A radical theology of the cross cannot give any theistic answer</Unicode>
        </TextEquiv>
      </TextLine>
      <TextLine id="eSc_line_8a960677" >
        <Coords points="226,398 226,435 223,446 1894,468 1899,446 1896,400 231,381 226,398"/>
        <Baseline points="226,435 1899,446"/>
        <TextEquiv>
          <Unicode>to the question of the dying Christ. Nor can it give an atheistic</Unicode>
        </TextEquiv>
      </TextLine>
      <TextLine id="eSc_line_f44a8c8d" >
        <Coords points="2050,500 1509,500 1471,492 1417,484 1415,484 1165,489 861,494 756,484 721,481 718,481 629,481 263,492 226,478 223,535 220,556 2055,564 2061,543 2058,521 2050,500"/>
        <Baseline points="223,535 2061,543"/>
        <TextEquiv>
          <Unicode>answer. For Christian theology, God and suffering are no longer contra-</Unicode>
        </TextEquiv>
      </TextLine>
      <TextLine id="eSc_line_1eb8532d" >
        <Coords points="2020,586 1835,597 1789,583 1786,583 1783,583 1520,583 1517,583 1514,583 1466,597 1431,583 1426,581 1423,581 1420,581 1417,581 1412,583 1369,594 1275,581 1259,581 1256,581 1253,581 1251,581 1221,597 1038,597 1008,581 1006,581 1003,581 992,581 826,594 747,578 734,578 731,578 680,578 382,591 317,578 314,578 312,578 309,578 277,591 226,578 223,637 223,661 2023,659 2026,645 2020,586"/>
        <Baseline points="223,637 2026,645"/>
        <TextEquiv>
          <Unicode>dictions, as in theism and atheism, but God&#x27;s being is in suffering and</Unicode>
        </TextEquiv>
      </TextLine>
      <TextLine id="eSc_line_9e3abdc3" >
        <Coords points="220,739 217,761 1611,761 1614,745 1611,696 220,694 220,739"/>
        <Baseline points="220,739 1614,745"/>
        <TextEquiv>
          <Unicode>suffering is in God&#x27;s being itself because God is love.</Unicode>
        </TextEquiv>
      </TextLine>
      <TextLine id="eSc_line_f5b1fd59" >
        <Coords points="1931,798 419,790 419,839 417,852 1942,863 1948,850 1945,817 1931,798"/>
        <Baseline points="419,839 1948,850"/>
        <TextEquiv>
          <Unicode>Moltmann feels that misunderstanding of the crucified Christ</Unicode>
        </TextEquiv>
      </TextLine>
      <TextLine id="eSc_line_a191e730" >
        <Coords points="220,890 220,938 217,952 236,965 239,965 242,965 244,965 710,954 1388,971 1391,971 1966,957 1969,946 1966,901 220,885 220,890"/>
        <Baseline points="220,938 1969,946"/>
        <TextEquiv>
          <Unicode>stems from a weakly Christianized monotheism which so many Christians</Unicode>
        </TextEquiv>
      </TextLine>
      <TextLine id="eSc_line_9cb49211" >
        <Coords points="220,1038 217,1057 1891,1062 1896,1046 1894,995 220,992 220,1038"/>
        <Baseline points="220,1038 1896,1046"/>
        <TextEquiv>
          <Unicode>hold. This general religious monotheism, he feels, is a permanent</Unicode>
        </TextEquiv>
      </TextLine>
      <TextLine id="eSc_line_b052bd8d" >
        <Coords points="217,1140 215,1151 1867,1159 1872,1148 1869,1094 217,1094 217,1140"/>
        <Baseline points="217,1140 1872,1148"/>
        <TextEquiv>
          <Unicode>occasion for protest atheism. The doctrine of the Trinity became</Unicode>
        </TextEquiv>
      </TextLine>
      <TextLine id="eSc_line_4ec8639e" >
        <Coords points="223,1237 220,1261 1894,1261 1896,1245 1894,1202 223,1183 223,1237"/>
        <Baseline points="223,1237 1896,1245"/>
        <TextEquiv>
          <Unicode>isolated speculation and a mere decoration for dogmatics after the</Unicode>
        </TextEquiv>
      </TextLine>
      <TextLine id="eSc_line_87651ec4" >
        <Coords points="244,1336 217,1336 217,1339 215,1366 530,1361 532,1345 532,1304 411,1288 408,1288 406,1288 379,1301 347,1285 344,1285 341,1285 252,1299 244,1336"/>
        <Baseline points="217,1339 532,1345"/>
        <TextEquiv>
          <Unicode>Middle Ages.</Unicode>
        </TextEquiv>
      </TextLine>
    </TextRegion>
    <TextRegion id="eSc_textblock_85444e50"  >
      <Coords points="1942,1654 1899,1665 2050,1710 2050,1783 1964,1796 2039,1807 1974,1848 2050,1893 2050,1987 1985,2022 1985,2149 2050,2205 2050,2364 2028,2472 1913,2515 1878,2590 1794,2601 1759,2698 1996,2711 2017,2762 430,2773 408,2711 481,2676 226,2665 215,1796 408,1729 427,1675 312,1643 312,1452 419,1398 1942,1409 1974,1525 1921,1614 1942,1654"/>
      <TextLine id="eSc_line_c37a5553" >
        <Coords points="1902,1406 1875,1406 1848,1406 1821,1406 1794,1406 1767,1406 1740,1406 1713,1406 1687,1406 1660,1406 1633,1406 1606,1406 1579,1406 1552,1404 1525,1404 1498,1404 1471,1404 1444,1404 1417,1404 1391,1404 1364,1404 1337,1404 1310,1404 1283,1404 1256,1404 1229,1404 1202,1404 1175,1401 1148,1401 1121,1401 1095,1401 1068,1401 1041,1401 1014,1401 987,1401 960,1401 933,1401 906,1401 879,1401 852,1401 826,1401 799,1401 772,1398 745,1398 718,1398 691,1398 664,1398 637,1398 610,1398 583,1398 556,1398 530,1398 503,1398 476,1398 449,1398 422,1398 422,1439 419,1452 1913,1460 1918,1449 1915,1406 1902,1406"/>
        <Baseline points="422,1439 1918,1449"/>
        <TextEquiv>
          <Unicode>The theological concept for the perception of the crucified</Unicode>
        </TextEquiv>
      </TextLine>
      <TextLine id="eSc_line_b13f321c" >
        <Coords points="1958,1482 1948,1455 551,1441 532,1441 505,1441 478,1441 452,1441 425,1441 422,1439 330,1439 317,1447 317,1487 314,1511 1964,1511 1966,1498 1964,1490 1958,1482"/>
        <Baseline points="317,1487 1966,1498"/>
        <TextEquiv>
          <Unicode>Christ is the doctrine of the Trinity. The material principle of</Unicode>
        </TextEquiv>
      </TextLine>
      <TextLine id="eSc_line_22fcd631" >
        <Coords points="320,1538 317,1546 1910,1565 1915,1554 1913,1509 320,1492 320,1538"/>
        <Baseline points="320,1538 1915,1554"/>
        <TextEquiv>
          <Unicode>the doctrine of the Trinity is the cross of Christ. The formal</Unicode>
        </TextEquiv>
      </TextLine>
      <TextLine id="eSc_line_0b01d074" >
        <Coords points="314,1592 312,1600 476,1622 478,1624 613,1624 613,1622 616,1622 618,1622 640,1605 734,1622 737,1622 796,1611 809,1622 809,1624 812,1624 815,1624 817,1624 965,1608 968,1608 971,1608 1095,1627 1097,1627 1205,1611 1221,1624 1221,1627 1224,1627 1226,1627 1229,1627 1232,1627 1235,1627 1256,1611 1474,1611 1498,1611 1528,1627 1530,1627 1533,1627 1641,1614 1646,1614 1649,1614 1668,1630 1670,1630 1673,1630 1676,1630 1789,1614 1791,1603 1789,1557 314,1546 314,1592"/>
        <Baseline points="314,1592 1791,1603"/>
        <TextEquiv>
          <Unicode>principle of knowledge of the cross is the doctrine of the</Unicode>
        </TextEquiv>
      </TextLine>
      <TextLine id="eSc_line_bf2e55c8" >
        <Coords points="543,1595 516,1595 489,1595 462,1595 435,1595 408,1595 382,1595 355,1595 328,1595 330,1643 330,1657 570,1648 570,1638 562,1595 543,1595"/>
        <Baseline points="330,1643 570,1638"/>
        <TextEquiv>
          <Unicode>Trinity. 11</Unicode>
        </TextEquiv>
      </TextLine>
      <TextLine id="eSc_line_348d8265" >
        <Coords points="417,1697 417,1743 414,1753 2039,1770 2044,1753 2031,1705 1738,1692 1735,1692 1678,1700 1646,1705 1603,1700 1528,1689 1525,1689 1391,1697 1264,1702 1248,1694 1237,1686 1235,1686 1232,1686 1229,1686 1226,1686 1213,1692 1197,1700 979,1689 901,1686 898,1686 885,1689 826,1700 791,1686 782,1683 780,1683 777,1683 774,1683 769,1686 747,1697 610,1683 602,1683 600,1683 594,1683 478,1697 425,1681 417,1697"/>
        <Baseline points="417,1743 2044,1753"/>
        <TextEquiv>
          <Unicode>The suffering and dying of the Son, forsaken by the Father, is a</Unicode>
        </TextEquiv>
      </TextLine>
      <TextLine id="eSc_line_5033d820" >
        <Coords points="215,1807 215,1842 212,1856 1915,1864 1921,1853 1918,1794 231,1794 215,1807"/>
        <Baseline points="215,1842 1921,1853"/>
        <TextEquiv>
          <Unicode>different kind of suffering from the suffering of the Father in the</Unicode>
        </TextEquiv>
      </TextLine>
      <TextLine id="eSc_line_b780089e" >
        <Coords points="215,1942 212,1952 2036,1963 2042,1952 2039,1899 215,1885 215,1942"/>
        <Baseline points="215,1942 2042,1952"/>
        <TextEquiv>
          <Unicode>death of his son. To understand what happened between Jesus and his God</Unicode>
        </TextEquiv>
      </TextLine>
      <TextLine id="eSc_line_f2863c9c" >
        <Coords points="215,2044 212,2065 1953,2071 1958,2055 1956,2004 215,1998 215,2044"/>
        <Baseline points="215,2044 1958,2055"/>
        <TextEquiv>
          <Unicode>and Father on the cross it is necessary to talk in trinitarian terms.</Unicode>
        </TextEquiv>
      </TextLine>
      <TextLine id="eSc_line_7e74bbb3" >
        <Coords points="215,2143 212,2154 1961,2168 1966,2154 1964,2111 215,2090 215,2143"/>
        <Baseline points="215,2143 1966,2154"/>
        <TextEquiv>
          <Unicode>The grief of the Father here is just as important as the death of the</Unicode>
        </TextEquiv>
      </TextLine>
      <TextLine id="eSc_line_8a3743f7" >
        <Coords points="212,2243 209,2254 2034,2275 2039,2256 2036,2205 212,2197 212,2243"/>
        <Baseline points="212,2243 2039,2256"/>
        <TextEquiv>
          <Unicode>Son. The Fatherlessness of the Son is matched by the Sonlesshess of the</Unicode>
        </TextEquiv>
      </TextLine>
      <TextLine id="eSc_line_7bfe721c" >
        <Coords points="209,2361 2031,2367 2036,2356 2031,2297 669,2302 600,2289 597,2289 594,2289 255,2299 215,2286 212,2345 209,2361"/>
        <Baseline points="212,2345 2036,2356"/>
        <TextEquiv>
          <Unicode>Father. The deep community of will between Jesus and his God and Father</Unicode>
        </TextEquiv>
      </TextLine>
      <TextLine id="eSc_line_18fa2733" >
        <Coords points="215,2447 212,2469 2009,2474 2015,2455 2012,2410 215,2399 215,2447"/>
        <Baseline points="215,2447 2015,2455"/>
        <TextEquiv>
          <Unicode>is expressed precisely at the point of their deepest separation, in the</Unicode>
        </TextEquiv>
      </TextLine>
      <TextLine id="eSc_line_7fc77e4b" >
        <Coords points="212,2544 209,2558 1485,2577 1487,2577 1883,2563 1886,2555 1883,2496 212,2496 212,2544"/>
        <Baseline points="212,2544 1886,2555"/>
        <TextEquiv>
          <Unicode>accursed death of Jesus on the cross. The doctrine of the Trinity</Unicode>
        </TextEquiv>
      </TextLine>
      <TextLine id="eSc_line_5c9ae674" >
        <Coords points="209,2644 207,2665 1748,2679 1754,2657 1751,2611 1428,2595 1426,2595 1127,2598 828,2603 788,2593 772,2590 769,2590 766,2590 713,2593 554,2601 524,2590 519,2587 516,2587 513,2587 478,2587 298,2598 209,2585 209,2644"/>
        <Baseline points="209,2644 1754,2657"/>
        <TextEquiv>
          <Unicode>becomes a shorter version of the passion narrative of Christ.</Unicode>
        </TextEquiv>
      </TextLine>
      <TextLine id="eSc_line_e6a89a27" >
        <Coords points="1999,2727 1972,2708 1969,2706 427,2706 414,2724 411,2749 408,2768 2007,2776 2012,2754 2004,2733 1999,2727"/>
        <Baseline points="411,2749 2012,2754"/>
        <TextEquiv>
          <Unicode>The relationships in the Trinity between Father and Son are not</Unicode>
        </TextEquiv>
      </TextLine>
    </TextRegion>
    <TextRegion id="eSc_textblock_b29b3798"  >
      <Coords points="1030,2967 430,2967 419,2894 1008,2905 1030,2967"/>
      <TextLine id="eSc_line_c72ef62a" >
        <Coords points="1003,2902 976,2902 949,2902 922,2902 895,2902 869,2902 842,2899 817,2899 723,2905 667,2897 653,2897 626,2897 600,2897 573,2897 548,2894 478,2902 446,2894 438,2894 435,2891 414,2886 411,2945 408,2964 1019,2975 1025,2950 1022,2945 1003,2902"/>
        <Baseline points="411,2945 1025,2950"/>
        <TextEquiv>
          <Unicode>11Moltmann, pp. 240-241.</Unicode>
        </TextEquiv>
      </TextLine>
    </TextRegion>
  </Page>
</PcGts>
