2470 3228
1078 279 1595 338 to various squirrels
1119 352 1584 449 were a little joke
1544 333 1818 406 as if each
339 468 1162 543 And then the two of them came on
287 564 1135 656 which was the meadow of the world
965 527 1587 607 thru the enormous meadow
435 653 1555 755 at a very still spot where the trees dreamed
1113 632 1331 707 and then
384 720 1530 809 and seemed to have been waiting thru all time
408 807 1304 901 they sat down together on the grass
1509 798 1732 868 for them
449 917 847 997 and ate oranges
1076 890 1824 963 without looking at each other
774 981 1520 1059 without looking at each other
398 1067 1969 1178 in a basket which they seemed to have brought for that purpose
1372 1054 1821 1121 and put the peels
443 1119 1186 1199 without looking at each other
317 1237 540 1307 And then
516 1288 1439 1374 he took his shirt and undershirt off
363 1334 858 1417 but kept his hat on
836 1388 1060 1471 sideways
1038 1466 1732 1538 and without saying anything
408 1484 928 1573 fell asleep under it
909 1544 1805 1654 and his wife just sat there looking
255 1576 1003 1667 at the birds which flew about
304 1651 844 1721 calling to each other
834 1705 1272 1772 in the stilly air
398 1745 1345 1831 as if they were questioning existence
947 1815 1948 1904 or trying to recall something forgotten
295 1901 715 1998 But then finally
624 1974 1165 2041 she too lay down flat
1097 2036 1840 2114 and just lay there looking up
1638 2103 1913 2176 at nothing
562 2114 1261 2197 yet fingering the old flute
1237 2184 1738 2262 which nobody played
610 2216 1232 2294 and finally looking over
1216 2289 1385 2351 at him
433 2324 1278 2407 without any particular expression
1162 2391 1853 2469 except a certain awful look
556 2426 1148 2504 of terrible depression⁵
352 2520 1926 2644 Anne Sexton's book of poems entitled Live or Die is introduced
150 2617 1921 2757 by her with the statement that "they read like a fever chart for a bad
344 2835 982 2950 ⁵Ferlinghetti, pp. 20-21.
2012 177 2050 269 7
