2470 3228
220 301 1948 368 fixed in static terms once and for all but are a living history. It
220 387 2047 473 begins with the sending and delivering up of the Son, continues with his
217 500 1966 586 resurrection and the transference of the rule of God to him. It only
220 591 1899 683 ends when the Son hands over this rule to the Father. There is no
217 694 1878 769 loneliness and no rejection which he has not taken to himself and
215 790 1948 885 assumed in the cross of Jesus. The godforsaken and rejected man can
215 895 1996 989 accept himself when he comes to know the crucified God who is with him
217 1003 957 1067 and has already accepted him.
215 1151 982 1234 Ways towards the Psychological
269 1210 707 1285 Liberation of Man
414 1310 2020 1377 Here Moltmann asks the question, ''Who is man in the face of the
212 1406 1921 1479 rejected Son of Man who was raised up in the freedom of God?“ This
212 1498 1939 1587 leads into a dialogue with the anthropological science which is also
209 1603 1942 1678 concerned with the therapy of sick men. Here he first refers to the
204 1697 2039 1788 psychoanalysis of Sigmund Freud whose criticism of religion is important
209 1807 2039 1880 for critical theology. We need a psychological hermeneutics of the word
207 1899 1966 1979 of the cross. The theology of Paul and the Reformation speaks of the
209 1998 1988 2087 liberation of man by faith from the obsession of works. Psychological
209 2103 1964 2189 hermeneutics discovers a point of correspondence to this obsession in
209 2208 1964 2289 the obsessive ideas and actions of sick people and seeks to free them
209 2299 1452 2377 for love and for unrestrained sympathy with life.
406 2402 1966 2488 Sigmund Freud developed psychoanalysis in the therapy of sick
207 2507 2012 2582 individuals. Although he was very careful in transferring the patterns
201 2611 2034 2684 of individual illnesses to society, he kept their determining conditions
207 2714 1985 2784 under constant investigation. This caution is less detectable in some
204 2813 2007 2880 of his followers. The transference of patterns of individual illnesses
207 2905 1985 2999 to society as a whole is no more meaningful than the transference of a
1956 215 2050 274 118
