2470 3228
236 282 1304 368 critique of society to an individual case.
441 384 2017 478 There is no threat to man which arouses more hostility than to
234 484 2017 589 threaten his idols or those of his group. People like himself support
231 586 2034 688 him. He needs this support to suppress his anxiety. People who differ
231 675 1913 777 from him disturb him because they question his idols and laws, his
226 780 1913 876 world. The crucified God renounces the privileges of an idol. In
223 882 2009 989 becoming weak, impotent, vulnerable, and mortal, he frees man from the
223 984 2023 1084 quest for powerful idols and protective compulsions and makes him ready
220 1084 1980 1188 to accept his humanity, his freedom, and his mortality. Man can open
217 1183 987 1280 himself to suffering and love.
215 1345 882 1428 Ways towards the Political
266 1398 807 1482 Liberation of Mankind
419 1506 2047 1584 In this chapter Moltmann says psychological hermeneutics of life
209 1595 2039 1694 need to be supplemented by a corresponding political hermeneutics. What
207 1689 1972 1780 are the economic, social, and political consequences of the gospel of
209 1783 2017 1891 the Son of Man who was crucified as a "rebel“? The freedom of faith is
207 1896 2031 1985 lived out in political freedom. Political hermeneutics calls especially
201 1990 1910 2087 for dialogue with socialist, democratic, humanistic, and antiracist
201 2095 2031 2195 movements. In the democratic movement the church can discover a parable
196 2197 1939 2283 of its own brotherly christocracy and conversely offer itself in its
196 2283 2001 2391 ecumenical fellowship as a model for correspondences in social politics
196 2394 887 2469 and international politics.
395 2493 1999 2590 Imperialistic religions are completely monotheistic in order to
188 2593 1948 2687 lend religious support to the central authority. Patriotic religions
185 2703 1869 2792 are for the most part polytheistic because each fatherland has its
182 2802 1818 2889 special gods. In socialism the political religions tend towards
185 2905 2015 3010 pantheistic materialism. Capitalism in turn displays primitive forms of
1972 215 2069 355 119
