2470 3228
215 301 1896 373 engaged in a twofold movement which derives first from the process
212 390 1939 473 character of all past life and secondly from the continual change in
212 500 1918 572 the man who contemplates history and is himself subject to historic
215 578 527 675 development.
212 753 1964 836 Historical heuristics. The historical method does not only work with
212 847 1964 928 destructive criticism of past pictures of history, in order to inves-
212 957 1964 1035 tigate the ''bare“ facts, but must itself approach the source material
209 1054 1958 1127 with its own problems and plans. The natural scientist in his exper-
209 1148 1939 1232 iments must isolate his object, eliminate factors which do not enter
209 1261 1888 1331 into the question, and disregard other problems if he is to attain
204 1350 1985 1428 unequivocal results. This is very difficult in the case of historical
204 1466 1867 1533 objects because here we have always to do with highly complicated
204 1554 1958 1643 structures whose isolation destroys the fact of their being so multi-
207 1657 772 1729 fariously conditioned.
406 1761 2034 1839 When historical science moves on from isolated, individual facts
204 1869 1907 1931 to more general statements embracing historic processes, then there
201 1955 1835 2044 arises the problem of the forming of historical concepts. These
204 2071 2031 2138 concepts acquire their binding force from the standpoint and perspective
199 2162 1907 2232 of the moment. Therefore they cannot claim to reflect the historic
201 2270 1904 2337 processes as such but are heuristic modes of contemplating historic
201 2361 1649 2439 processes and means of explaining and understanding them.
398 2458 1861 2550 One such means is the 'historical law.“ An event becomes
199 2558 1929 2633 explicable when its causes can be seen. We can certainly argue from
201 2660 1929 2738 effects to causes but hardly ever from causes to effects. Hence the
199 2768 2026 2848 really historic factor lies in the concept of possibility rather than in
199 2870 1902 2961 that of necessity: we never find all the possibilities turned into
1974 209 2036 312 92
