2470 3228
341 290 1948 373 eternal paradox, but a latency within the tendency that presses
344 336 1972 443 forwards and outwards into that open realm of possibilities that
341 387 1329 473 lies ahead and is so full of promise.
239 540 1993 650 The future of the kingdom of God and of the freedom of man. The real
234 640 2034 737 heart of eschatology is doubtless to be found in the promise and expec-
234 734 1964 836 tation of what is known as the "kingdom of God'' and the "lordship of
228 831 1915 938 God.“ Bound up with the expectation of the lordship of God is the
228 941 1937 1030 expectation that his people, mankind, and all that he has made will
226 1049 2028 1145 attain to salvation, peace, happiness, and life. Faith in his lordship
226 1143 1705 1237 finds its expression in the confession that Yahweh is king
226 1248 1985 1345 (Judges 8:23). In the nomadic period of the Israelite tribes we find
226 1336 2026 1449 the idea that Yahweh is the Leader who goes before his people and rules
220 1436 1116 1533 them by leading them as a shepherd.
417 1544 1923 1635 God's lordship originally means lordship in promise, faith-
215 1654 1896 1735 fulness, and fulfillment. In the idea of the lordship of God, two
212 1753 2020 1839 elements are combined: remembrance of his historic lordship and confi-
212 1848 2044 1939 dence in it and expectation of his universal lordship in which the world
209 1947 1969 2047 and all nations and things become his universe. In the New Testament
209 2039 2039 2141 the kingdom“ is obviously a central concept--especially in the synoptic
207 2143 1966 2248 tradition. The message, acts, miracles, and parables of Jesus before
204 2251 1982 2337 Easter are described as "the kingdom of God.“ The peculiar feature of
201 2353 1937 2445 his proclamation of the kingdom lies in the fact that entry into the
201 2453 1859 2563 kingdom is bound by him to the decision of the hearers and their
196 2558 893 2638 attitude to his own person.
196 2706 793 2797 Eschatology and History
400 2907 885 3004 31Moltmann, p. 213.
2007 201 2074 295 89
