2470 3228
535 247 1205 314 How long I have gone round
608 298 1722 381 and round, spiritless with foreknown defeat,
527 433 1474 513 Hours, vears maybe. The cry of metal
683 347 1350 425 in search of that glitter?
605 503 1399 564 on asphalt, on iron, the sudden
532 645 1027 712 the clear statement
680 554 1315 621 ching of a precious loss
600 707 1517 777 of something missing. Over and over
524 839 1170 922 like a falling star, only
678 755 1291 820 it stops me in my tracks
600 909 1393 976 this is not the universe's loss
675 952 1557 1032 it is mine. If I were only colder,
521 1041 1592 1124 nearer death, nearer birth, I might let go
594 1102 1485 1172 whatever's so bent on staying lost.
672 1156 1264 1226 Why not leave the house
521 1242 1606 1336 locked, to collapse inward among its weeds,
597 1310 1391 1377 the letters to darken and flake
669 1355 1240 1425 in the drawer, the car
519 1457 1385 1527 to grow skeletal, aflame with rust
597 1506 1313 1570 in the moonlit lot, and walk
667 1554 955 1630 ever after?
513 1657 1178 1726 O God I am not spiritless,
589 1713 1296 1775 but a spirit can be stunned,
659 1761 1307 1826 a battery felt going dead
511 1850 1175 1920 before the light flickers,
586 1907 1552 1979 and I've covered this ground too often
659 1958 1208 2028 with this yellow disc
508 2063 1401 2133 within whose beam all's commonplace
589 2114 1356 2184 and whose limits are described
661 2162 1173 2235 by the whole night.⁹
376 2251 1956 2340 Michael E. Eliot Hurst of Simon Fraser University has produced
182 2348 1956 2447 a volume on the modern city entitled I Came to the City. He wants his
174 2453 1953 2539 students to see che city as an entity, a social and cultural place, an
174 2544 1950 2649 economic place, a pelitical place, a place vith particular netvorks of
376 2754 1923 2848 ⁹Adrienne Rich, Leaflets (New York: W. W. Norton & Co., Inc.,
177 2802 613 2894 1969), pp. 34-35.
1974 145 2031 252 10
