2470 3228
1923 185 2015 250 116
188 287 2015 363 will not achieve any public credibility in the human and social problems
188 368 1966 465 of our divided world. The "death of God" theology has compelled theo-
191 478 1921 562 logians to begin with christology and so speak of God in relation to
191 581 2020 653 Jesus. A trinitarian approach to the death of Jesus allows us to affirm
191 675 1961 763 that the Father suffers with him on the cross but not in the same way.
191 785 1969 855 When the crucified Jesus is called the "image of the invisible God" it
191 879 1872 957 is meant that this is God, and God is like this. God is not more
191 984 1872 1062 glorious than he is in his self-surrender. Jesus' death cannot be
193 1081 1972 1159 understood "as the death of God" but only as death in God. The origin
191 1175 1972 1258 of Christian theology is only the death on the cross in God and God in
191 1291 1948 1369 Jesus' death. Moltmann says that most previous statements about "the
191 1382 2023 1460 death of God" have lacked the trinitarian dimension. With the Christian
191 1484 2023 1557 message of the cross of Christ something new and strange has entered the
191 1576 1999 1667 metaphysical world. Faith must think of the suffering of Christ as the
191 1686 2012 1767 power of God and the death of Christ as God's potentiality. Conversely,
196 1780 1974 1858 it must think of freedom from suffering and death as a possibility for
193 1896 1999 1961 man. No Christian eschatology is possible without the knowledge of the
193 1987 1740 2065 God who creates from nothing and raises the crucified Christ.
395 2098 1972 2170 Metaphysical atheism sees an unjust and absurd world of trium-
193 2189 1953 2275 phant evil and suffering without seeing the countenance of a God. It
196 2294 2023 2369 says belief in the devil is more plausible than belief in God. The peak
196 2396 1950 2464 of metaphysical rebellion against the God who cannot die is a freely-
196 2496 1974 2571 chosen death, suicide. A God who is incapable of suffering is a being
193 2593 1950 2676 who cannot love either. He is a loveless, uninvolved being. Protest
196 2708 1875 2768 atheism will arrive at its own truth if it recognizes man--erring,
196 2797 2023 2878 loving, and suffering, unrighteous and protesting against injustice--and
196 2897 1880 2977 sees that in his human experiences he is greater than all gods and
