2470 3228
199 247 1948 344 its eventual realization. The object of both faith and hope is some-
199 347 1974 441 thing that is not seen. However, whereas faith can be directed toward
193 454 1996 543 an object in the past, present, or future, hope is directed only to the
193 546 1869 645 future. The faith of the Old Testament was that God would glorify
193 648 1991 753 Israel, and the Gentiles through Israel. The hope of the New Testament
191 755 1921 841 is summed up in the faithful expectation of the second coming of the
188 863 1939 944 glorified Christ. Christianity was summed up by the Apostle Peter as
196 946 887 1038 "the hope chat is in you."⁴
387 1046 2009 1148 In his article on hope, Dr. Robert L. Ottley⁵ has some important
182 1148 1837 1250 comments based on the Bible's treatment of this subject.  We here
182 1248 1835 1350 briefly summarize what he has to say. The objects of hope differ
182 1347 1956 1457 somewhat in the two Testaments. The hopes of primitive men for merely
182 1457 2001 1546 temporal good were doubtless chastened and purified by the discipline of
180 1554 1980 1654 calamity so that hope became spiritualized. The gospel is the religion
174 1665 1974 1753 of a "better hope" because through it men for the first time enter into
177 1756 1856 1858 intimate fellowship with God. Hope is an expectation of spiritual
172 1858 1915 1950 blessings already realized and potentially conveyed to men in Christ.
174 1961 1923 2063 The object of hope is the highest good. In the Synoptic Gospels, the
172 2068 1961 2162 summum bonum is the Kingdom of God; in the Fourth Gospel, eternal life;
169 2165 1969 2262 in St. Paul's epistles, the righteousness of God; in Hebrews, access to
166 2256 1843 2359 God and unrestricted fellowship with him. All these are different
164 2372 1991 2458 descriptions of one supreme blessing, namely, that spiritual state which
164 2458 1894 2558 results from the very presence of God in the human spirit. So, in a
166 2555 1681 2665 real sense, God himself is the supreme object of human hope.
363 2657 1964 2765 It is of interest and of seeming pertinence to our treatment of
1958 193 2023 285 18
365 2848 1326 2977 ⁴I Peter 3:15. ⁵Ottley, pp. 779-180.
