2470 3228
226 274 1977 371 real perpetuum mobile of world history. In everything that is remem-
223 376 1931 470 bered as guilt there lurks something which is not yet over and done
220 486 2004 581 with. The past becomes determinative for the burdens and tasks of the
223 583 435 656 present.
417 688 2044 780 What is true of guilt with regard to "history as memory“ is also
217 777 1996 871 true regarding death. This is always the hardest and the most certain
215 874 1972 971 fact of past history. The historian's reawakening of the dead, which
217 989 1969 1070 takes place only "in a manner of speaking," means anticipating escha-
215 1086 2044 1180 tology and projecting upon history the last act of history. The "reason
212 1180 2015 1288 in history" has a messianic light and shows things with all their flaws
212 1288 1103 1363 laid bare and ready for redemption.
408 1382 1988 1471 It will no longer be possible to regard the past only archaeo-
209 1495 1953 1584 logically and take it merely as the origin of the particular present.
209 1581 1913 1681 The past will have to be examined in regard to its own future. All
204 1681 2007 1778 history is full of possibilities--possibilities that have been profited
204 1783 1985 1877 by and not profited by, seized and blocked. Past ages will have to be
204 1899 1961 1977 understood from the standpoint of their hopes. It is the open future
201 1993 1980 2076 that gives us a common front with earlier ages and a certain contempo-
199 2092 1980 2189 raneity which makes it possible to enter into discussion with them, to
196 2200 2001 2289 criticize and accept them. The dialectic of past happening and present
196 2289 1993 2391 understanding is always motivated by anticipations of the future and by
196 2399 1388 2474 the question of what makes the future possible.
193 2552 1969 2641 The peculiarity of the historian's universal concepts. As long as our
191 2657 1899 2733 reality has not yet "completed" itself and not yet become a rounded
191 2746 2020 2829 whole, a metaphysic of the historical universe in the sense of the Greek
193 2851 1972 2948 logos is impossible. All the historian's universal concepts therefore
1988 204 2044 279 97
