2470 3228
613 363 1232 443 He's a real Nowhere Man,
616 425 1329 500 Sitting in his Nowhere Land,
613 470 1625 559 Making all his nowhere plans for nobody.
613 519 1353 599 Doesn't have a point of view;
613 572 1374 653 Knows not where he's going to.
616 621 1399 699 Isn't he a bit like you and me?
610 712 1299 796 Nowhere Man, please listen,
610 780 1493 858 You don't know what you're missing,
608 828 1474 911 Nowhere Man. The world is at your
680 885 893 941 command.
602 971 1294 1054 He's as blind as he can be;
605 1032 1391 1105 Just sees what he wants to see.
602 1076 1495 1159 Nowhere Man, can you see me at all?
602 1129 1342 1202 Doesn't have a point of view;
600 1180 1364 1261 Knows not where he's going to.
600 1229 1391 1304 Isn't he a bit like you and me?
597 1318 1235 1404 Nowhere Man, don't worry.
600 1379 1307 1457 Take your time; don't hurry.
597 1431 1643 1519 Leave it all till somebody else lends you
669 1484 852 1546 a hand.
591 1576 1202 1657 He's a real Nowhere Man,
591 1638 1307 1710 Sitting in his Nowhere Land,
589 1681 1603 1767 Making all his nowhere plans for nobody,
589 1732 1598 1821 Making all his nowhere plans for nobody,
597 1783 1646 1858 Making all his nowhere plans for nobody.11
384 1877 1934 1982 The other modern song we offer here as a sample expression of
188 1966 1703 2087 the emptiness and meaninglessness many feel is by Will Holt:
556 2240 1248 2316 Hard to tell you how I feel
551 2289 1148 2359 Everything is so unreal
554 2340 1592 2421 Lord, but life is a hard thing to get to.
548 2431 1194 2509 Saw my shadow on the wall
548 2493 1218 2558 Saw my love nowhere at all
548 2542 1635 2636 Saw my life as a hard thing to get through.
546 2630 1348 2714 When you're born they carry you
546 2698 1318 2776 When you're gone they bury you
955 2154 1229 2211 HOW I FEEL
365 2872 1982 2988 ¹¹Betsy Ryan, ed. Sounds of Silence (New York: Scholastic Book
990 260 1307 347 NOWHERE MAN
1985 190 2055 293 12
158 2907 753 3004 Services, 1972), p. 12.
