2470 3228
624 546 1600 642 A STUDY OF BIBLICAL REFERENCES TO HOPE
398 707 1972 807 Hope is a dominant theme of the Bible. Both the Old Testament
193 790 1824 911 and the New Testament make many references to it. The Bible can
193 898 1988 1008 rightfully be called "the book of hope." When St. Paul, addressing the
185 997 1966 1110 Gentiles, describes their former condition, he uses the phrase "having
185 1092 1939 1202 no hope and without God in the world."¹ The same apostle, in another
182 1197 1934 1315 letter, names hope as one of the purposes for which the Old Testament
180 1299 1958 1414 was written: "For whatever was written in former days was written for
177 1406 1956 1519 our instruction, that by steadfastness and by the encouragement of the
177 1498 1003 1581 scriptures we might have hope."²
371 1603 1977 1716 Dr. Robert L. Ottley, in a discussion of hope,³ refers to it as
166 1708 1969 1810 a Scriptural virtue, like faith and love. He feels that in both Testa-
164 1802 1991 1920 ments hope is based on the revealed character of God: (a) as omnipotent
164 1896 1966 2020 and able to fulkill his promises; (b) as specially pledged to be Savior
164 2004 1843 2117 and Sanctifier of his elect people; and (c) as the righteous moral
158 2098 1859 2213 Governor and Judge of mankind whose ways are destined to be finally
158 2195 446 2283 vindicated.
352 2302 1929 2407 The Bible uses the idea of hope as a desire closely related to
153 2404 1926 2528 faith. Hope is a desire for some future good, accompanied by faith in
347 2617 1167 2692 ¹Ephesians 2:12. ²Romans 15:4.
349 2706 1883 2829 ³Robert Laurence Ottley, D. D., "The Christian Hope," Encyclo-
147 2768 1603 2891 pedia of Religion and Ethics (1913), Vol. VI. pp. 779-780.
1043 2891 1062 2956 17
1008 400 1261 503 Chapter 3
