2470 3228
406 247 1980 325 Zimmerli's research has made clear that we need to be aware of
209 333 1121 414 the double usage of the word "hope":
408 438 2004 524 It will be well if first we briefly consider and make clear the
301 486 1899 575 double usage of the word "hope" as this is apparent even in any
301 540 2026 634 brief introductory explanations of the word. The verb "to hope" and
304 594 1948 675 the noun "hope" derived from it point first of all to a human act
301 648 1964 731 similar to love and faith. It is an attitude of expectancy which,
298 699 2023 780 as the extra-biblical understanding of elpizein demonstrates, can be
298 750 1942 836 dealt with in a purely formal manner quite apart from its object,
298 796 1872 885 receiving in many cases further content for good or ill by the
298 847 2020 938 object toward which it is directed. On the other hand the noun hope
295 893 1948 981 can take on such strong content from the direction in which a man
298 946 1969 1027 hopes, that his attitude passes over into that which is the object
295 1000 2009 1086 of hope. For example, when a shipwrecked sailor, driven by the sea,
295 1051 1966 1127 catches sight of a life-boat and knows that "this boat is my hope,"
295 1102 1918 1178 then all reference to the subjective state of mind of the sailor
293 1154 1991 1234 struggling in the sea is lost. The hope of the man in the water is
293 1199 2012 1280 here so fixed on the approaching instrument of salvation that every-
295 1253 1891 1331 thing else retreats and he identifies that which exists outside
290 1301 1988 1390 himself as his hope, that is, as the peculiar object and content of
287 1355 1964 1441 his hope. Thus statements about hope move linguistically back and
290 1401 1765 1476 forth between these two possible understandings and can in
287 1455 1843 1527 individual cases be confined to one or the other: hope as an
287 1509 1880 1579 attitude within man and hope as something which approaches man,
287 1546 2012 1643 which is projected toward this attitude in man to the point that all
287 1597 1552 1678 thought of his own mental processes is forgotten.⁹
384 1702 1934 1783 From his excellent lexicographic study, Zimmerli¹⁰ draws some
182 1794 1910 1883 important conclusions which we would like to summarize in this para-
177 1904 1934 1987 graph. The Old Testament beyond doubt knows something about hope and
180 1995 1907 2087 speaks of it in various places. However, the Old Testament does not
177 2090 1929 2186 have the clearly fixed terminology for "hope" and "to hope" as in the
174 2197 1929 2286 New Testament words elpis and elpizein. The nearest thing to a fixed
174 2294 1929 2386 concept for "hope" in the Old Testament would be the two substantives
174 2394 2001 2490 tiqwa̅h and tohelet. Various aspects of the meaning of "hope" exist side
172 2504 1824 2593 by side. In the foreground is the aspect of waiting and tarrying
172 2603 1937 2703 (derivations of the roots qwh, yḥl, sbr). Viewed as a human attitude,
169 2706 1969 2813 hope is a waiting, an existence toward that which is to come. The word
1966 172 2031 234 20
861 2867 1382 2980 ¹⁰Zimmerli, pp. 7-8.
363 2872 788 2975 ⁹Zimmerli, p. 4.
