2470 3228
1982 172 2017 244 19
215 242 2009 330 the subject of hope as employed in the Bible to mention that Dr. Ottley
209 328 2012 435 mentions two chief vices opposed to hope: (a) presumption, which is an
207 433 1934 535 excess of hope and forgets that the promises of God are not uncondi-
209 538 1961 640 tional, and (b) despair, which springs from lack of confidence in God
207 634 2007 731 and servile fear. He points out that the Hebrew word for despair is an
207 737 2007 833 uncommon one (for instance, Ecclesiastes 2:20 and Job 6:26) . The Greek
201 847 2026 944 word for despair occurs in the New Testament only to be dismissed as not
204 944 1638 1032 in keeping with the Christian faith (II Corinthians 4:8).
400 1250 1926 1331 The idea of hope in the Old Testament is conveyed by several
193 1350 1948 1441 Hebrew words with related meanings, rather than words clearly meaning
201 1431 1848 1530 "hope." In fact, Walther Zimmerli⁶ points out that two lexicons⁷
193 1538 1993 1635 conclude that for the verb "to hope" only a single Hebrew equivalent is
193 1640 1851 1743 identified, namely 𝓈𝒷𝓇 in the intensive stem. This verb is twice
191 1753 1969 1837 verified as having the meaning "to inspect, examine" in the basic stem
191 1848 1835 1944 form. In the intensive stem the verb has the accent of "waiting,
191 1947 1988 2041 hopeful watching." There are six examples of this usage. In Ruth 1:13
188 2041 1891 2135 it should be translated "waiting." In the other five instances the
185 2141 1937 2240 emphasis is on "hopeful watching," as in Psalm 145:15.⁸ Hebrew nouns
182 2256 1248 2342 meaning "hope" are somewhat more numerous.
384 2418 1802 2525 ⁶Walther Zimmerli, Man and his Hope in the Old Testament
185 2488 1200 2563 (London: SCM Press Ltd., 1971), pp. 4-5.
384 2566 1999 2671 ⁷L. Koehler-W. Baumgartner, Lexicon in Veteris Testamenti libros
182 2625 1929 2711 (Leiden, Germany, 1953), and F. Brown, S. R. Driver and C. A. Briggs,
180 2679 1872 2773 A Hebrew and English Lexicon of the Old Testament (Oxford, England,
180 2735 968 2797 1907, reprinted 1953 and 1957).
379 2808 1802 2921 ⁸Cf. also Psalm 104:27; Psalm 119:166; Isaiah 38:18; and
177 2851 462 2945 Esther 9:1.
791 1105 1466 1175 HOPE IN THE OLD TESTAMENT
