2470 3228
465 516 1996 594 My work as parish pastor brings me into a day-to-day concern
269 602 2093 680 with preaching. In the seminary the "sermon" was defined for me as "the
269 702 2069 782 exposition and application of a portion of God's Word." After fourteen
269 807 2026 893 years in one congregation I am constantly challenged with the task of
271 903 2096 997 having something fresh and helpful to say that will "expose" the message
271 1008 2096 1086 of the Gospel and "apply" it to the needs of the hearers. Preaching has
271 1110 2026 1197 not become easier over the years, but my acquaintance with God's Word
274 1226 1237 1285 and the needs of people has increased.
473 1318 2050 1393 In our day a sense of hopelessness has enveloped the minds and
269 1409 2071 1492 hearts of people in our churches and society in general. A theology of
271 1517 2044 1589 hope, based solidly on Scripture and aware of the hurts and burdens of
271 1616 1950 1697 people, could conceivably be of immense help to those charged with
274 1713 1878 1791 leading worship and preaching. It has been my strong desire in
274 1815 2028 1893 preparing this dissertation to acquaint myself with a Scripture-based
274 1926 2050 1993 theology of hope that I can share with our people week-to-week. It is
271 2012 1953 2098 my fond hope that the results of this study will also provide some
274 2108 2098 2200 practical help for other pastors who share with me the high privilege of
274 2213 2052 2294 being present-day "servants of Christ and stewards of the mysteries of
277 2326 917 2391 God" (I Corinthians 4:1).
470 2407 2104 2496 My gratitude is here warmly expressed to the California Graduate
274 2525 2031 2595 School of Theology for stimulating me to undertake this task; to Dean
277 2617 2028 2695 Barry Beitzel for his initial encouragement to develop this topic; to
277 2730 2047 2824 Dr. Batrus Abd-al-Malik for his patience and help as my advisor; to my
1100 376 1283 441 PREFACE
1167 2840 1218 2934 ii
