2470 3228
2017 207 2071 274 91
247 277 2058 376 other than the origin, and the goals greater than the beginning, and the
247 371 1017 465 future more than all the past.
247 519 1972 634 The historical method. Without "method“ no assured knowledge can be
242 634 1948 718 attained. Historical methodology therefore embraces principles for
242 720 1966 823 historical research and principles for the critical control of their
239 831 1921 919 results. Certain minimum requirements from the concept of science
236 930 1918 1022 associated with natural science have been introduced also into the
234 1038 2042 1132 science of history: (1) The science of history is not art, fiction, or
231 1127 2015 1221 legend, but the concept of truth which underlies it is that of a veri-
231 1237 2061 1336 fiable truth of fact; (2) the historical correctness of our knowledge of
228 1326 1980 1425 history, however, presupposes that our insights are controllable; (3)
228 1439 2007 1533 this controllability, however, presupposes that historical objects can
228 1541 2004 1627 in principle be reconstructed; and, (4) historical science, too, works
220 1638 2001 1726 with definite hypotheses, plans, approaches, and outlooks, by means of
220 1732 1617 1823 which the events are illumined and perceived as events.
419 1826 1974 1931 The historical method is applied critically to the traditions
215 1939 1996 2030 and the historical sources. This sort of destructive criticism of the
217 2047 1923 2130 traditions of an event, however, is itself always bound up with the
212 2138 1921 2240 historian's own power of picturing and imagining how things may "in
212 2246 1993 2329 fact“ have been. This means that historical criticism is always bound
212 2345 2039 2431 up with historical heuristics. The historical approach must regard past
207 2442 1937 2533 history in that historical detachment in which it can be objectively
204 2544 2012 2630 examined. This, understandably enough, becomes more difficult the more
207 2646 2007 2743 it is a question of "contemporary history.“ For here the object is not
201 2735 1958 2837 firmly established but is still in the state of flux. At bottom, all
199 2840 1913 2967 history is "contemporary history." The historian's object is thus
