2470 3228
1991 204 2087 309 113
255 290 2061 368 poor for which he lived. Jesus was accused of blasphemy because in his
252 379 2077 486 preaching he put himself above Moses, claimed the right to forgive sins,
252 481 2071 572 and proclaimed the kingdom of God open to those outside the Law--those
252 586 2077 685 justified by grace. Through his own poverty, lowliness, and abandonment
250 672 1880 777 the righteousness and grace of God comes to the poor, lowly, and
247 782 2074 876 abandoned. His execution must be seen as a necessary consequence of his
244 871 1950 976 conflict with the law. As a result, the theological trial of Jesus
242 984 1999 1081 after Easter turns on the question of righteousness. It is a contest
242 1073 2069 1180 between gospel and law, righteousness by faith and by works, and between
242 1180 2058 1291 the justification of the godless and the justification of the righteous.
236 1272 1991 1374 Jesus' proclamation of God's law of grace affected not only the Phar-
234 1371 1985 1476 isees and Zealots but also the cultic and political religious founda-
231 1479 1964 1589 tions of the Pax Romana and the archaic conceptions of righteousness
228 1573 651 1659 held by all men.
427 1681 1996 1786 Socrates and Zealot, Stoic, and Christian martyrs died calmly.
226 1772 1907 1880 Jesus' death was different.⁶ We need to see his death not only in
223 1877 1878 1987 relation to human authorities but also in relation to his God and
220 1974 1853 2079 Father. Jesus died with the signs and expressions of a profound
220 2087 1950 2178 abandonment by God. Anyone who lived in such direct fellowship with
215 2186 1974 2286 God could not regard his being handed over to death on the cross as a
215 2278 1966 2380 human misunderstanding but was bound to experience it as rejection by
215 2377 1966 2477 the very God whom he had dared to call "my Father.“ This made it the
212 2477 1988 2587 torment of hell. In the theological context of what Jesus preached he
204 2585 1918 2690 must have felt that the deity of God was at stake as though he were
207 2687 2031 2794 crying out, "My God, why hast thou forsaken thyself?“ "The cross of the
403 2894 1848 3002 ⁶See Hebrews 5:7, Mark 15:37, Psalm 22:1, and Mark 15:34.
