2470 3228
255 290 1937 381 cross. Radical Christian faith, however, can only mean committing
250 365 1982 478 oneself without reserve to the "crucified God." There is nothing so
250 476 1956 581 scandalous and unpopular as the "religion of the cross," even among
255 567 2074 677 "coreligionists" in one's own circle. It is a symbol which leads out of
247 677 1980 777 the church into fellowship with the oppressed and abandoned. On the
244 769 2047 879 other hand, it is the symbol which calls the oppressed and godless into
242 874 1977 984 the church and through the church into fellowship with the crucified
242 946 357 1046 God.
441 1086 2017 1175 The church has produced "the cult of the cross," making Christ
234 1180 1921 1285 present in the sacrifice of the mass. The church suppressed pagan
231 1280 1942 1374 sacrificial actions and cultic drama but replaced them with its own
231 1388 2061 1479 cult. Jesus died "once for all." His death is not a sacrifice that can
231 1482 2015 1576 be repeated. Cultic religion must be replaced by the spreading of the
226 1584 2058 1686 word of the cross and the practical following of Jesus. Through his own
228 1686 2028 1775 abandonment on the cross Jesus brings God to those who are abandoned by
223 1778 1950 1880 God. Through his suffering he brings salvation to those who suffer.
223 1888 1980 1974 Through his death he brings eternal life to those who are dying. The
220 1982 2052 2076 church has abused the theology of the cross in behalf of those who cause
217 2087 1926 2176 suffering. Too often peasants, Indians, and black slaves have been
215 2184 2023 2278 called upon by representatives of the dominant religion to accept their
215 2291 1835 2375 sufferings as "their cross" and not rebel against them.³ Jesus'
212 2386 1894 2477 sufferings and humiliation came from his preaching of a kingdom of
212 2488 2017 2587 unconditional grace and from his table-fellowship with "sinners and tax
207 2579 1964 2695 collectors." By becoming a "friend of sinners and tax collectors" he
207 2681 1000 2789 made their enemies his enemies.
408 2889 842 2985 ³Moltmann, p. 49.
1985 193 2085 285 110
