2470 3228
239 266 2017 373 on God. It can be said that God is the hope and the confidence of the
236 357 1891 468 godly.¹⁴ While at first God's help is expected to relieve actual
236 457 1985 578 trouble, it is considered more and more to be the eschatological help
234 556 1208 645 which brings all troubles to an end.¹⁵
430 675 2031 777 We conclude this study of the idea of hope in the Old Testament
226 766 1982 874 by listing references which the Revised Standard Version of the Bible
226 860 2050 984 translates "hope," "hoped," "hopeless," or "hopes" according to Nelson's
223 968 597 1049 Concordance:¹⁶
433 1078 1961 1175 "Hope": Ruth 1:12; Ezra 10:2; Job 3:9. 4:6, 5:16, 6:19, 7:6,
317 1116 1958 1223 8:13, 11:18, 11:20, 13:15, 14:7, 14:19, 17:15,/19:10, 27:8. 41:9:
320 1172 2009 1285 Psalms 9:18, 33:17, 18, 22, 39:7, 42:5, 62:5, 65:5, 69:6, 71:5, 14,
320 1221 1982 1336 78:7, 116:11, 119:43, 49, 81, 114, 116, 147, 166, 130:5. 7, 131:3,
317 1269 1929 1379 146:5, 147:11; Proverbs 10:28, 11:7, 13:12, 19:18, 23:18, 24:14,
314 1320 1904 1425 26:12, 29:20; Eccleslastes 9:4; Isaiah 8:17, 20:5, 38:18, 51:5;
312 1371 2001 1490 Jeremiah 14:8, 14:22, 17:13, 29:11, 31:17, 50:7; Lamentations 3:21,
309 1431 1724 1519 24, 29; Ezekial 19:5, 37:11; Hosea 2:15; Zechariah 9:12.
422 1479 1627 1568 "Hoped": Esther 9:1; Psalm 119:74; Isaiah 20:6.
422 1522 1442 1624 "Hopeless": Isaiah 57:10; Jeremiah 2:25.
419 1581 1740 1681 "Hopes": Psalm 62:10; Jeremiah 23:16; Zechariah 9:5.
398 1893 1950 1993 The Greek words for hope in the New Testament are elpizoo and
191 1969 1969 2087 elpis. The verb elpizoo means "hope, hope for; hope in, expect." The
193 2071 1964 2192 noun elpis means "hope, ground or basis of hope; what is hoped for."¹⁷
2004 217 2066 285 22
395 2275 1961 2380 ¹⁴Two good examples of this are Jeremiah 17:7 ("Blessed is the
185 2334 2007 2431 man who trusts in the Lord, whose trust is in the Lord.") and Psalm 71:5
188 2377 1867 2485 ("For thou, O Lord, art my hope, my trust, O Lord, from my youth.")
395 2474 1934 2579 ¹⁵In substantiation of this point Bultmann and Rengstorf cite
182 2528 1999 2641 the following passages: Isaiah 25:9, 26:8, 30:15, 51:5; Jeremiah 29:11,
180 2579 1068 2660 31:16f.; Micah 7:7; and Psalm 46:2.
384 2673 1974 2802 ¹⁶Nelson's Complete Concordance of the Revised Standard Version
177 2741 1490 2837 (New York: Thomas Nelson & Sons, 1957), pp. 844-885.
376 2824 1958 2953 ¹⁷Barclay J. Newman, Jr., A Concise Greek-English Dictionary of
172 2886 1805 3015 the New Testament (London: United Bible Societies, 1971), p. 58.
801 1740 1477 1826 HOPE IN THE NEW TESTAMENT
