2470 3228
524 247 618 301 Yes
524 282 667 360 I try
524 341 1331 414 to kill myself in small amounts,
519 398 1130 459 an innocuous occupation.
516 446 1205 516 Actually I'm hung up on it.
521 492 1555 578 But remember I don't make too much noise.
513 589 1434 675 and frankly no one has to lug me out
516 648 1627 728 and I don't stand there in my winding sheet.
516 699 1608 774 I'm a little buttercup in my yellow nightie
513 747 1310 815 eating my eight loaves in a row
513 798 1232 866 and in a certain order as in
513 844 1081 919 the laying on of hands
508 890 1100 968 or the black sacrament.
513 989 906 1059 It's a ceremony
508 1046 1132 1113 but like any other sport
511 1097 995 1170 it's full of rules.
511 1145 1477 1221 It's like a musical tennis match where
503 1197 1345 1277 my mouth keeps catching the ball.
511 1248 1073 1323 Then I lie on my altar
505 1304 1466 1382 elevated by the eight chemical kisses.
503 1385 1178 1474 What a lay me down this is
503 1449 1165 1525 with two pink, two orange,
503 1503 1313 1581 twο green, two white goodnights.
505 1552 898 1619 Fee-fi-fo-fum--
500 1603 939 1667 Now I'm borrowed.
513 1651 863 1716 Now I'm numb. ⁸
398 1753 1948 1834 Adrienne Rich has written a book of poems published under the
199 1842 1899 1942 title Leaflets. In one of the poems, "The Key," she brings out the
196 1942 1934 2052 feeling of something missing from life, being on a continuous search,
193 2039 1235 2143 and never quite reaching what is desired:
516 2313 1385 2391 Through a drain grating, something
589 2356 1127 2426 glitters and falters,
664 2412 1498 2499 glitters again. A scrap of foil
513 2501 1210 2574 a coin, a signal, a message
591 2568 1081 2630 from the indistinct
659 2611 1353 2703 piercing my indistinctness?
1022 2216 1213 2281 THE KEY
2007 137 2044 234 9
382 2797 874 2894 ⁸Sexton, pp. 85-86.
