1317 2171
568 47 757 99 — 2 —
53 126 1257 188 man. p. 269) sententias, opiniones, ratiocinationes
51 196 1261 267 meas et argumenta quoad causam Honorii in unum
50 266 1260 334 colligens scripsi: «Exinde clare patescit, Honorium
49 338 1254 404 non solum ob imprudentem silentii œconomiam,
49 410 1260 481 non quia male tacuerit, sed quia in epistolis suis
51 481 1261 548 positive haereticum aliquid proposuerit, et haeresin
50 553 1263 616 confirmaverit, anathemate percussum fuisse. Sed
53 621 1263 694 quomodo id concordat cum meo ipsius judicio de
53 689 1263 761 Honorio superius prolato? Contendi enim, quod fun-
51 764 1263 834 damentum argumentationis suae orthodoxum, si-
54 839 1266 898 mulque ipse in corde orthodoxus fuerit». In textu
53 908 1265 976 originali germanico: «Hienach ist klar, dass Hono-
51 979 1260 1043 rius nicht blos ob imprudentem silentii œconomiam,
51 1042 1265 1125 nicht weil er zur Unzeit geschwiegen, sondern weil
55 1113 1262 1186 er positiv in seinen Briefen haeretisches vorgetra-
54 1179 1263 1262 gen und die Haeresie bestätigt hatte, mit dem Ana-
51 1251 1268 1333 them belegt wurde. Aber wie stimmt diess mit
55 1323 1266 1408 unserem eigenen früher abgegebenen Urtheil? Wir
55 1408 1266 1483 behaupteten ja, dass die Grundanschauung des Ho-
55 1475 1265 1552 norius, die Grundlage seiner Argumentation und
55 1546 1051 1625 damit er selbst im Herzen orthodox war?».
107 1618 1265 1693 Insunt in hisce verbis prioris nostri operis duae
57 1686 1265 1764 assertiones: 1, quod Honorium in corde orthodo-
56 1760 1263 1838 xum putarem propter orthodoxum argumentationis
55 1838 1263 1908 suae fundamentum. Et haec est thesis mea primaria.
107 1900 1265 1980 Sed forsitan in nuperrimo libello de Causa Ho-
59 1984 1265 2061 norii (1870) hanc thesim principalem reliqui et ab
60 2054 321 2131 ea descivi?
