1316 2165
588 34 747 92 — 4 —
55 107 1253 190 opinionis non aeque mihi cordi est ac defensio
52 184 258 252 honoris.
97 251 1255 324 En ergo quid in nuperrimo meo libello de indole
54 324 1255 398 epistolarum Honorii dixerim. Plane idem judicium,
52 394 1259 466 nec mitius nec acerbius, in libello reperies, quod
54 466 1259 542 supra in libro invenisti. Legitur enim in libello
55 538 1260 612 quoad confirmationem haeresis per epistolas Hono-
52 611 1265 687 rii: «Concilium sententiam dicit de facto, videlicet
54 683 1260 760 quod in epistola sua haeresin approbaverit» (p. 11)
52 755 1259 832 et p. 13: «(Concilium) eum anathemate perstrin-
55 826 1252 903 xisse eo, quod haereticam doctrinam confirmasset».
98 894 1257 974 Deinde, quid haereticum istud sit, in epistolis
56 968 1257 1047 Honorii contentum, in priori libro meo ita indico:
51 1039 1263 1112 «quod Honorius heterodoxam formulam εν ϑελκμα
54 1108 1264 1196 proposuerit, orthodoxam autem formulam δνο ενέργειαι
51 1182 1260 1262 rejecerit» (germ: «Die Aufstellung der haeretischen
51 1250 1260 1338 Formel εν ϑελκμα und die Verwerfung der orthodoxen
55 1326 585 1392 Formel δνο ενέργειαι»).
98 1395 1260 1474 Et in nuperrimo libello scripsi, p. 14: «(Hono-
51 1464 1260 1550 rium) reapse terminum specifice orthodoxum (δνο ενέρ-
49 1540 1260 1617 γειαι damnasse, et terminum specifice haereticum
54 1605 1248 1682 (εν ϑελκμα) sancivisse». — Quid ergo discriminis?
95 1681 1260 1757 3. Etiam causam, cur sexta Synodus Honorium
54 1753 1260 1828 haereticum potuerit appellare et anathemate percu-
55 1828 1263 1899 tere — hanc quoque causam in utroque libro pari
54 1896 1261 1976 modo describo et explico, nempe: «Id, quod Ho-
54 1970 1264 2050 norius de facto affirmaverat et proclamaverat, id
50 2043 1254 2132 erat objectum, de quo synodus judicare debebat,
