1315 2177
601 50 775 110 — 6 —
55 123 1253 197 mul affirmare potuissem: Honorium ortodoxe do-
54 191 1252 269 cuisse et solum in perspicuitate verborum defecisse?
99 260 1259 335 Nemo sanae mentis duas has affirmationes directe
53 330 1256 408 sibi contrarias in uno eodemque cerebro coadunare
52 407 1256 487 poterit. Sed aenigma resolvitur. Adversarii falsa ver-
50 480 1255 551 borum meorum versione decepti sunt. Scripseram:
52 550 1256 620 «Attamen Honorius non sensit (germ. «dachte») hae-
52 620 1259 696 retice, sed rem non perspicue intellexit» (T. III.
52 690 1258 771 p. 148.) «Sensit» dico, non: «docuit.» Gallica ver-
50 763 1258 840 sio: »Il n'a pas émis d'herésie sur ce point» sen-
50 835 1260 909 sum pervertit. Ilum non haeretice sensisse (in
49 908 1260 980 corde,) id semper et in utroque libro plane similiter
49 979 1260 1057 affirmavi; similiter autem et illud, quod male docue-
50 1057 1261 1130 rit. Ergo, non ego contradixi mihi, sed adversarii
49 1123 589 1199 contradixerunt veritati.
97 1196 1256 1271 Haec jam scripta erant, quum in manus meas in-
49 1268 1260 1343 ciderit libellus Domini Amadei de Margerie, inscri-
50 1338 1262 1417 ptus: «Reponse à Mgr Héfelé» etc. Videbatur do-
50 1410 1261 1485 ctissimo domino novum conamen, quo Honorium de-
49 1483 1261 1557 fenderet, necessarium. Utrum victricibus armis id prae-
49 1554 1260 1631 stiterit, aliis dijudicandum relinquam. Me nec ar-
50 1627 1261 1702 gumentis ejus victum, nec insinuationibus quibus-
49 1698 1261 1774 dam, quae campum disputationis scientificae dese-
49 1769 1261 1846 runt, ad contritionem cordis motum esse, ingenue
48 1846 914 1920 fateor. Igitur pauca tantum afferam.
99 1909 1258 1989 1. Dominus de Margerie p. 7 scribit: «En auto-
47 1987 1256 2060 risant ou en tolérant la traduction de son mémoire
49 2058 1254 2140 (i. e. libelli mei de Causa Honorii) et son insertion
