1419 2340
704 1 741 74 6
85 101 1362 169 mit ihrer ganzen Seele und aus allen ihren Kräften liebe. Vom
87 152 1356 224 „neuen“ Dogma drohe den deutſchen Staaten die ernſtlichſte Gefahr,
87 210 1360 284 jeder Monarch müſſe fürchten, durch päpſtlichen Machtſpruch ein Johann
81 269 1360 327 ohne Land zu werden ¹. Ja der ehemalige bayeriſche Partikulariſt
89 325 1360 393 Döllinger denuncirt die Katholiken dem neuerſtandenen deutſchen Reiche
85 378 1360 456 mit den Worten: „Das kann ich mir nicht verbergen, daß dieſe Lehre
85 438 1362 512 (von der Infallibilität), an deren Folgen das alte deutſche Reich zu
83 499 1362 567 Grunde gegangen iſt, falls ſie beim katholiſchen Theil der deutſchen
87 553 1360 620 Nation herrſchend würde, ſofort auch den Keim eines unheilvollen Siech⸗
87 606 1352 678 thums in das eben erbaute neue deutſche Reich verpflanzen würde.“ ²
89 670 1362 735 Aecht liberal rufen die modernen Byzantiner immer und überall den
89 727 1358 793 Staat um theologiſche Hilfe an. Man hatte unſinniger Weiſe gehofft,
85 780 1358 854 einen Theil des deutſchen Epiſkopats umgarnen zu können und es durch
85 838 1362 908 denſelben etwa zu einer „Kirche von Utrecht“ zu bringen. Seitdem
89 893 1362 957 dieſe Hoffnung zu Waſſer geworden, fordert man die Regierungen auf,
87 951 1362 1017 den Katholiken die fernere ſtaatliche Anerkennung zu verſagen. „Der
87 1012 1362 1080 bayeriſche Staat,“ ſagt die A. A. Z. ³, „iſt der die neue Lehre feſthalten⸗
89 1074 1360 1129 den katholiſchen Kirche gegenüber nicht mehr zur Anerkennung und Er⸗
87 1121 1364 1187 haltung verpflichtet.“ Man muthet der Regierung die ebenſo brutale
87 1183 1360 1246 als nutzloſe Temporalienſperre gegen Biſchöfe und infallibiliſtiſche Geiſt⸗
89 1230 1362 1306 liche zu, ja ſtellt ſie geradezu als Pflicht auf. Weil die Biſchöfe die
85 1287 1360 1361 vaticaniſchen Beſchlüſſe ohne Regierungsplacet — ein Placet für Dog⸗
87 1341 1364 1415 men! — veröffentlicht haben, ſeien ſie eidbrüchig und ſtraffällig. Die
85 1400 1364 1472 Regierung möge doch endlich einſchreiten, oder die Trennung von Kirche
87 1456 1364 1530 und Staat, natürlich nach Kündung des Concordats, ausſprechen ⁴. So⸗
87 1513 1364 1587 gar den Reichstag möchte Prof. Zachariä in Göttingen in's Mitleid
85 1577 1362 1649 ziehen: „Ja wir ſind ſogar der Meinung, daß es Recht und Pflicht des
163 1725 1364 1788 ¹ Daß der Papſt ſeine fürchterliche Macht über die Herrſcher noch nicht an Victor
83 1758 433 1821 Emmannel geübt hat!
162 1815 1364 1868 ² Die Antwort auf dieſe ſentimental⸗boshafte Inſinuation möge ſich der Stifts⸗
87 1856 1364 1918 propſt aus der hochofficiöſen Provincial⸗Correſpondenz (Nr. 14, 5. Apr. 71) zwiſchen
85 1905 1362 1959 den Zeilen herausleſen. Ueber die Anſtrengungen der kathol. Fraction bei der Adreß⸗
87 1948 1364 2000 debatte im Reichstage heißt es daſelbſt: „Die Reichsregierung hat ſich ihrerſeits an
89 1987 1362 2043 dieſen confeſſionellen Erörterungen, welchen ſie eine unmittelbare Bedeu⸗
87 2039 1364 2100 tung für die practiſche Politik nicht beizumeſſen vermochte, nicht
87 2076 253 2137 betheiligt.“
160 2119 675 2182 ³ Nr. 18, 28. Apr. 71, S. 2070.
162 2160 1358 2234 ⁴ A. A. Z., S. 2073. — A. A. Z. vom 4. Juni Beil., 5. Juni Hptbl. –
85 2217 573 2289 A. A. Z., 26. Mai, S. 2601 f.
