1420 2339
68 118 1345 187 zelnen, ſowie an dem anerkannten korporativen Beſtande der proteſtan⸗
68 171 1016 241 tiſchen Confeſſion und unſerer hl. katholiſchen Kirche.
157 230 1343 296 1. Die perſönliche Gewiſſensfreiheit iſt allenthalben in
62 280 1343 352 Deutſchland garantirt. Es genügt hier, auf die preußiſche und bayeriſche
64 339 1341 409 Geſetzgebung zu verweiſen. Die preußiſche Verfaſſungsurkunde vom
66 405 1341 460 31. Jan. 1850 beſtimmt unter Art. 12: „Die Freiheit des religiöſen
64 452 1340 520 Bekenntniſſes, die Vereinigung zu Religionsgeſellſchaften und der ge⸗
62 506 1341 575 meinſamen häuslichen und öffentlichen Religionsübung wird gewähr⸗
64 573 1340 633 leiſtet. Der Genuß der bürgerlichen und ſtaatsbürgerlichen Rechte iſt
64 623 1341 695 unabhängig von dem religiöſen Bekenntniſſe.“ Das bayeriſche Edict
62 691 1340 752 vom 26. Mai 1818, ein integrirender Theil der Verfaſſungsurkunde,
58 734 1338 810 ſetzt §. 1 f. feſt: „Jedem Einwohner des Reiches iſt durch den 9. §.
56 791 1340 869 des IV. Titels der Verfaſſungsurkunde eine vollkommene Gewiſſens⸗
66 851 1340 918 freiheit geſichert. Er darf demnach in Gegenſtänden des Glaubens und
64 908 1341 974 Gewiſſens keinem Zwange unterworfen werden.“ Nun aber müßte
64 970 1340 1036 der Staat bei Gründung einer Nationalkirche eine Summe von Glau⸗
62 1025 1341 1087 benswahrheiten und Sittenvorſchriften aufſtellen, auch den äußeren
60 1075 1341 1148 Cultus durch eine Staats⸗Agende regeln. Dadurch aber käme er in
62 1142 1338 1198 eine endloſe Kette von Rechtsverletzungen an der perſönlichen Denk⸗
62 1190 1340 1263 freiheit in Religionsſachen; einer Freiheit, welche er ſelbſt zugeſichert
64 1259 1340 1313 hat, und die er in unſeren Gegenden nie und nimmer zurücknehmen
62 1309 1341 1374 kann. Im allerbeſten Falle müßte er mit dem äußeren Reſpekte
64 1368 1341 1428 vor ſeiner Religionsanſtalt zufrieden ſein, alſo auf den inneren Glau⸗
60 1417 1338 1495 ben, gerade das Grundweſen der religiöſen Ueberzeugung, verzichten.
64 1479 1338 1541 Jedes chriſtliche Individuum aber, welches an das göttliche An⸗
64 1530 1338 1600 ſehen der hl. Schrift glaubt, hätte von vornherein unbeſiegbare Be⸗
64 1588 1341 1660 denken gegen jede territoriale Abgränzung; denn Chriſtus ſpricht von
64 1648 1340 1711 Einem Hirten und Einer Heerde, will alſo keine Nationalkirche; der
58 1701 1340 1779 hl. Paulus hebt als das Charakteriſtiſche der chriſtlichen Religion den
66 1758 1340 1836 Umſtand hervor, daß Chriſtus die nationale Feindſchaft zwiſchen den
62 1814 1338 1888 Völkern durch ſein Blut ausgelöſcht habe, um Alle zu Einem Leibe zu
62 1878 1338 1941 vereinigen ¹. Dieſe Einheit der verſchiedenen Völker iſt auch nach dem
60 1927 1338 2005 Evangeliſten Johannes des Preis des Todes Chriſti ². Weil aber ferner
64 1992 1338 2060 jedes chriſtliche Individuum zum äußeren Bekenntniß ſeines Glaubens
64 2046 1338 2128 ſich für verpflichtet hält, müßte es mit allen Kräften gegen jedes Na⸗
138 2183 624 2243 ¹ Eph. II, 13 ff. Kol. III, 11.
136 2225 378 2298 ² Joh. XI, 52.
682 1 727 87 11
