1420 2339
669 23 729 93 14
64 120 1340 187 hat die weltliche Obrigkeit den Beruf, ihre Unterthanen durch Hand⸗
64 169 1338 249 habung der Ordnung, des Schutzes und der Gerechtigkeit, ihrer irdi⸗
68 231 1336 300 ſchen Beſtimmung entgegenzuführen und ſo ihnen den Weg
64 284 1340 360 zur Erreichung ihrer überirdiſchen Beſtimmung zu ebnen. Die Art
62 341 1338 409 und Weiſe nun, wie die Bürger ihrer überirdiſchen Beſtimmung ent⸗
68 399 1338 477 gegengehen müſſen, d. h. die Summe von theoretiſchen Wahrheiten
66 458 1340 524 (Glaubenslehren), welche ſie anzunehmen haben, von practiſchen Vor⸗
66 522 1341 586 ſchriften, wornach ſie ihr Leben regeln ſollen, wird nicht vom Staate
66 573 1341 639 erſt geſchaffen, ſondern iſt vorhanden, tief eingegraben in das Menſchen⸗
68 625 1336 695 herz als Naturgeſetz oder von Gott in beſonderer Erbarmniß poſitiv
68 688 1338 756 geoffenbart, und alſo einer Redaction, Aenderung oder Auswahl von
68 742 1336 808 Seite des Staates weder bedürftig noch fähig. Der Staat in Deutſch⸗
66 799 1340 869 land hat insbeſondere ſeine Katholiken in ihrem längſt garantirten
66 855 1340 920 Rechte überkommen, muß ſie als ſolche ſchützen, nicht aber einen neuen
68 921 1338 984 Staatskatholicismus oder irgend ein allgemeines Staatschriſtenthum erſt
66 966 1338 1036 machen. Ein Religionsſyſtem zu ſchaffen, gehört überhaupt nicht in den
66 1029 1338 1095 Bereich des Staates, ſowie er auch Kunſt, Wiſſenſchaft und Sittlichkeit
68 1095 1340 1153 wohl durch äußere Mittel ſchützen und fördern, aber nicht hervorbringen
66 1136 1338 1212 kann. Ohnehin verpflichtet er nur zu äußeren Leiſtungen, nicht zu
66 1192 1336 1270 inneren Acten der Unterwerfung, führt wohl zu äußerer Ordnung
66 1257 1338 1327 im weltlichen Leben der Bürger, nicht zu innerer Ueberzeugung. Ja
64 1309 1338 1378 er kann nicht einmal verlangen, daß man ſeine jetzigen Geſetze, alſo
66 1366 1338 1436 auch nicht die etwaigen Artikel ſeiner Staatsreligion, für die beſten
66 1424 1336 1489 anerkenne, ſondern nur, daß man keine ungeſetzlichen Mittel zur Er⸗
64 1479 1338 1553 reichung beſſerer Einrichtung anwende. Somit wäre das Nationalkirchen⸗
64 1535 1338 1613 thum beſtändigen Fluthungen, je nach dem Stande der Wiſſenſchaft,
66 1600 1338 1668 der Meinung des Tages und den Launen der Kammermajoritäten, aus⸗
62 1652 1338 1723 geſetzt, was dem Weſen jeder Religion, vorzüglich aber einer geoffen⸗
64 1709 1340 1777 barten widerſpricht. Ueber die Gewiſſen hat der Staat keine directe
66 1765 1340 1834 Gewalt. Der Proteſtant hat in Deutſchland das Recht, nach ſeiner
62 1820 1338 1894 proteſtantiſchen, der Katholik nach ſeiner katholiſchen Ueberzeugung zu
64 1880 1341 1947 leben. Die Regierung kann weder dem Erſteren zumuthen, weitere
62 1935 1341 2005 Lehren anzunehmen, noch dem Letzteren, einen Theil derſelben aufzu⸗
60 1993 1338 2058 geben, damit man Beide friedlich unter Einen Hut bringe; und der
66 2060 1338 2118 Deutſche, ſo freudig er auch das Leben für ſein Vaterland einſetzt, läßt
64 2107 1340 2181 in dieſem religiöſen Punkte, ſo wenig als andere Völker, Experimente
66 2165 1338 2241 zu. Iſt denn die katholiſche Kirche und ihr Papſt wirklich feindlich gegen
68 2227 1338 2307 den Staat? Kein Einſichtsvoller glaubt es, wenn auch Tauſende es ſagen.
