1420 2339
715 0 776 60 16
107 105 1382 153 mit Einem Glauben, bilden; der falſche Liberalismus will unter Ver⸗
103 148 1380 218 achtung jedes Rechtes und Geſetzes die Menſchen derſelben Sprache als
105 202 1382 276 großen Einheitsſtaat ſammeln, mit dem Phantom der Nationalität als
103 263 1382 325 oberſtem Rechtsprincipe gängeln und gegen jede andere Nation ab⸗
105 315 1382 387 ſchließen. Nur im heidniſch⸗barbariſchen Zeitalter iſt der Ausländer
101 376 1384 448 und der Feind (hostis) ein und derſelbe Begriff. Der dritte Napoleon
109 428 1382 506 hat dieſes revolutionäre Schlagwort „Nationalität“ wieder auf ſeine
107 489 1382 559 Fahne geſchrieben; er hat zum Theile bei Sedan gebüßt; aber uns ver⸗
109 555 1386 615 ſchone man im ſtaatlichen und ganz beſonders im kirchlichen Leben
107 615 497 664 mit dem Gaukelbilde.
197 662 1386 730 Die Idee von einer Nationalkirche iſt endlich unpolitiſch. Wenn
107 725 1380 783 der ſervile römiſche Senat im 2. Jahrhunderte dem Kaiſer Antoninus
109 773 1384 847 Pius und ſeiner Gemahlin Fauſtina göttliche Ehren zuerkannte, am
107 836 1380 894 Forum einen prächtigen Tempel erbaute und die neuen Gottheiten als
109 900 1380 951 integrirenden Theil der Staatsreligion hinſtellte, ſo hatte er ſein for⸗
109 945 1380 1009 melles Recht dazu; denn im alten Rom war die Religion Staatsſache.
109 999 1379 1072 Aber ſeitdem ſind ſiebzehn Jahrhunderte verfloſſen, und die Ideen ganz
107 1066 1382 1122 andere geworden. Der Cäſareopapismus iſt gleichfalls veraltet, ja ver⸗
107 1116 1382 1181 haßt geworden. Niemand wagt mehr den tyranniſchen Satz: cujus
101 1171 1382 1241 regio, illius et religio. Das katholiſche Bewußtſein iſt in den 16
107 1222 1377 1300 Millionen Katholiken des deutſchen Reiches ſo geweckt, daß ein Angriff
103 1294 1384 1352 auf ihren Glauben und ihr Gewiſſen, wie ihn das Nationalkirchenthum
107 1348 1384 1409 mit ſich führt, nothwendig zu den bedauerlichſten inneren Zerwürfniſſen
105 1397 1382 1467 des kaum erſtandenen Reiches führen muß. Das Programm vom „fried⸗
109 1456 1384 1518 lichen Ausbau im Inneren“ wäre aufgegeben. Schon machten die Bi⸗
109 1512 1380 1582 ſchöfe in dem Eichſtätter Rundſchreiben an den Clerus (Mai 1871)
107 1571 1382 1631 aufmerkſam auf die Gefahren, welche den Katholiken von der Partei
107 1625 1382 1693 drohen, auf die Unterdrückung der katholiſchen Kirche. Nur
103 1686 1380 1754 alternde Staaten theologiſiren, jugendfriſche ſchützen die Kirche. Auf
109 1740 1382 1812 wen in aller Welt müßte ſich der Staat ſtützen, wenn er das
107 1797 1384 1859 Danaergeſchenk einer Nationalkirche entgegennehmen wollte? Auf wenige
109 1849 1386 1917 Profeſſoren, deren Name bei den Katholiken Deutſchlands Mitleid, nie
107 1916 1386 1978 und nimmer Vertrauen erweckt; auf den ſervilen Theil der Beamten,
107 1962 1386 2029 deren Treue allerdings in glücklichen Tagen des Staates Nichts zu
107 2021 1388 2093 wünſchen übrig läßt; auf den liberalen Haufen, der am wenigſten eine
109 2083 1386 2149 Stütze der Monarchie iſt; auf ein kleines Fähnlein Abtrünniger, welche
109 2138 1388 2204 froh wären, das kirchliche Joch abzuſchütteln, aber ja nicht in der Ab⸗
113 2198 1390 2274 ſicht, dann um ſo loyalere Unterthanen zu ſein. Wen müßte der
