3383 4140
757 239 2892 370 dern denckwuͤrdig worden. Dann erſtlich den 8. Tag deſſel⸗
741 335 2874 462 ben / Abends vmd 8. Vhr / nach der Sonnen Vndergang/
743 439 2869 561 ein gantz Fewr rothes Stuck Regenbogens / ohngefahrlich
738 531 2874 660 bey Sud-gen Oſten erſchinen / welches nicht wie ſonſt ande⸗
741 630 2876 754 re pflegen / gelb / gruͤn oder blawe Farben gehabt / ſonder einem
747 724 2876 850 gluͤenden Eiſen / oder brennender Gluot gantz aͤhnlich gewe⸗
745 821 2874 949 ſen / daß man ſich daruͤber entſetzt: vnd (welches Aſtronomicè
745 919 2872 1039 zumercken) iſt er ſo nahend bey Sud geſtanden / als es irgend
745 1011 2872 1138 der Natur muͤglich iſt / weil die Sonn dazumahl / kurtz vor jh⸗
745 1108 2874 1230 rer Wende / ex oppoſito centri, dem Nord am naͤchſten kam/
747 1207 2874 1327 alſo die groͤſte amplitudinem occaſivam gemachet. Her⸗
745 1306 2874 1414 nach den 26. gemelten Monats / auch vmb der Sonnen Ni⸗
747 1403 2879 1524 dergang / hat ſich ein ander dergleichen Stuck / etwas mehr
754 1499 2890 1619 gegen Sud-Sud-Oſt erzeigt / welches ebenmaͤſſig Fewr rot
752 1589 2897 1715 erſchinen / doch hineinwerts ein wenig mit gruͤnem gemiſcht.
750 1688 2881 1810 Vnd war der Himmet diſe beede mal gegen Weſt / gar weit
745 1780 2879 1904 vnd brait gleichſam brennend / wie ein lohe Flamm anzuſehen/
754 1885 2872 1994 ſo hell zwitzerend / daß man kaum / mit vollen Augen beſtaͤndig
750 1973 2885 2095 darein ſchawen kondte. Da ihnen dann etliche Leut wun⸗
750 2070 2885 2180 derbarliche Figuren / Reutter / Schieſſen vnd Scharmuͤtzel
747 2168 2888 2288 eingebildet / vnd noch ſeltzamer Ding darauß prognoſticiert
750 2272 2883 2385 haben / daß ich es / als ein vngereumbte Phantaſey / nicht mel⸗
747 2357 2888 2495 den mag. Andere ſo die natuͤrliche Vrſach deß roten Bo⸗
752 2454 2881 2576 gens vernuͤnfftiger forſchten / hielten darfuͤr / als ob ſolch vn⸗
752 2553 2883 2670 gewohnliche Abendtroͤtin / auch den Arcum, latente Sole,
747 2647 2883 2764 cauſirt / vnd roth gefaͤrbet hette. Ich aber widerſprichs / vnd
750 2743 2885 2849 bin deren Meinung / wann ſolch braiter vnnd irregular for⸗
752 2842 2908 2953 mierter Schein / jhne verurſacht hett / er nicht wuͤrde circa
754 2946 2883 3052 unicum punctum velut centrum, ſo juſt rund erſchinen
754 3031 2888 3153 ſeyn. Es hat ſich auch ſeithero den 2. Julif Abends / derglei⸗
754 3130 2881 3245 chen widerumb erzeigt / daß es nun mehr ein gewohnlich vnd
761 3224 2918 3355 bekante Sach worden / welche ich darumb fahren laß / vnd zu
757 3321 1654 3459 dem Propoſito ſchreite.
2690 3417 2915 3544 An⸗
2160 3401 2464 3560 A iij
