3383 4140
750 266 2879 413 deuten / nimpt auch dem Paralleliſmo nich zit / ſondern iſt da⸗
747 361 2874 517 her entſprungen / weil zwiſchen beeden Abmeſſungen / etlich
743 457 2883 618 Minuten Zeit verloffen. (Dann man ja nicht beedes zu mal
750 563 2879 703 in eim Augenblick verꝛichten kan / ſonderlich ſo ein einiger
750 650 2883 807 Obſervator allein iſt) Daher die Sonn vnder deſſen vmb ein
752 749 2881 903 wenig auffgeſtigen / vnd zu gleich auch ſolch weiſſen Cyclum,
754 848 2879 995 æquabiliter mit ſich erhebt hatte. Weil dann beſagter
752 945 2872 1092 maſſen / die drey Puncten / gleiche Hoͤhin gehabt / ſo bin ich
752 1035 2876 1189 verſichert / daß auch die vbrige all / ja der gantze Circkel ſolche
757 1131 2869 1290 gehabt / vnd alſo dem Horizont gaͤntzlich vnd warhafftig Pa-
752 1235 2874 1373 rallel geweſen; incidunt enim omnia reliqua eidem pla-
752 1329 2872 1472 no circuli, ſi tria tantùm congruant. Da ſoll es niemand
752 1419 2883 1570 irꝛen / daß in der erſten Figur auff dem Titul / ſolcher Circkel
752 1515 2876 1669 vber ſich gemahlt worden / vnd die Puncten C. D. hoͤher ſte⸗
752 1619 2881 1761 hen / als die Sonn S. dann es kan auff eim flachen Papir nit
745 1711 2874 1856 anderſt repræſentirt werden. Auff einer Kugel zwar ließ es
752 1805 2876 1954 ſich dem Himmel gemaͤß verzaichnen; Oder noch beſſer in ei⸗
745 1899 2879 2049 ner hohlen Schuͤſſel innwendig. Wer aber gemelte Figur
741 2000 2881 2143 will recht verſtehn / der ſoll ſie vber ſein Kopff alſo halten / daß
745 2097 2881 2228 der Punct Z (ſo Zenith bedeut) gerad verticaliter oben ſtehe/
743 2191 2869 2332 vnd die Mittaglini C. M. auff Nord vnd Sud recht eintreff/
743 2283 2876 2433 ſo wuͤrdt auch das vbrig ſich wol mit der Apparentz verglei⸗
743 2380 2879 2520 chen; Geſtalt es dann alles nach dem holen Himmel / wie wir
745 2486 2876 2624 ihn von vnden hinauff anſehen / neque juxta convexum.
745 2596 1735 2707 Globum, gemahlt worden:
964 2663 2876 2810 In diſem weiſſen Vmbkraiß nun / ſind alle drey Son⸗
738 2766 2874 2907 nen geſtanden / doch nicht zu mal / ſondern ſucceſſivè auff ein⸗
738 2872 2881 3001 ander gefolgt. Zum erſten erzaigt ſich / neben der wahren
738 2966 2881 3100 Sonn / allein die eine falſche B. zur Lincken ſtehend. Die war
736 3063 2872 3185 am Glantz nicht zwar ſo gar hell als die wahre; Aber an groͤſſe
734 3162 2881 3295 vil braiter; Auch an Geſtalt nicht perfect Rund / ſondern et⸗
734 3256 2876 3385 was quadrats / doch mit abgeſtumpten Spitzen / wie etwan
738 3346 2883 3507 ein vierecket Deller. Die Farb betreffend / ob wol Ariſtoteles
2586 3452 2881 3576 ſchreibt
