3383 4140
1228 211 2874 384 B woln die Parelij oder Ne⸗
1231 365 2876 489 ben Sonnen / als ein Natuͤrliches Ding der
1238 459 2881 591 Welt / nun mehr von zwey tauſent Jahren her/
1293 561 2869 678 dem Menſchlichen Geſchlecht bekandt / vnnd
759 655 2876 781 ſchon zu Ariſtotelis Zeiten / lang vor Chriſti Geburt ange⸗
757 756 2881 878 merckt / auch folgends in mancherley alt vnd newen Hiſtorien
759 853 2883 970 vilfaltig auffgezeichnet worden; So iſt doch vnder allen den⸗
754 949 2883 1074 ſelben / die in offentlichen Schrifften vorhanden / meins wiſ⸗
754 1041 2881 1166 ſens / kein einige zufinden / welche durch Mathematiſche In⸗
754 1145 2883 1260 ſtrumenten recht nach der Kunſt were obſerviert vnnd abge⸗
752 1235 2876 1361 meſſen worden / darauß ein Naturkuͤndiger die Art der Opti⸗
757 1329 2885 1455 ſchen Refraction ergruͤnden / vnd ferꝛner die aigentliche Vr⸗
757 1428 2881 1552 ſach oder wahren Vrſprung ſolcher Erſcheinung vernem⸗
752 1527 2876 1635 men moͤchte: Sonder ſind mehrtheils nur albere Erzehlung/
754 1623 2881 1738 wie es ein jeder Idiot mit vngelehrten Augen anſicht / gemei⸗
754 1718 2881 1830 niglich auch mit ſuperſtitioſen Einbildungen geſpickt / von
754 1814 2879 1925 mancherley Wundergeſtalten / vnnd darauff vbel gebawter
759 1906 2879 2026 Weiſſagung deß kuͤnfftigen Vngluͤcks. Dann es ligt das
752 2005 2879 2120 loͤblich Mathematiſche Studium, ſo hiervon allein die War⸗
759 2099 2872 2214 heit zeugen kan / nun mehr lang in der Braach: vnd ob gleich
752 2198 2879 2311 vnder ſeinen wenigen Liebhabern etliche ſind / welche etwan
750 2290 2879 2403 mit einem Quadranten oder Aſtrolabio wiſſen vmb zugehen/
759 2385 2881 2497 ſo haben ſie es doch in ſolcher Eil deß vnverſehenen Wunders/
752 2479 2879 2596 nicht immer gleich bey der Hand / oder / biß ſie dieſelbige zu
752 2573 2881 2693 ruͤſteten / wuͤrde das Spectacul verſchwinden. Welches nicht
757 2672 2883 2789 ein Gattung iſt / wie mit den Finſternuſſen / die man lange zeit
752 2764 2883 2891 vorhin außrechnen / vnd ſich darauff verſehen kan / ſonder ge⸗
752 2861 2883 2976 meiniglich ein vnverhofft ond geſchwinde Sach / damit man
757 2960 2883 3079 hurtig vmbgehen muß / will mans erhaſchen. Nun diente aber
761 3056 2888 3178 ſolch ſcharpffe Erkundigung / nicht eben nur zu bloſſer Bieſ⸗
757 3150 2883 3277 ſung deß Fuͤrwitzes / ſonder geraicht zu Gottes deß Schoͤpf⸗
759 3238 2883 3369 fers Ehr / vnnd mehrer Erkandtnuß ſeiner wunderlichen
757 3341 2881 3477 Werck / wer auch beſonders hoch von Noͤthen / vmb Beſſe⸗
2172 3436 2388 3569 A ij
2676 3477 2881 3604 rung
