3383 4140
487 257 2632 374 ſchreibt libr. 1. Meteor. cap. 2. ο Παρηλι Φαίνεται λαχορ.
497 349 2648 469 daß die Neben Sonnen weiß ſeyen / mit andichtung einer Vr⸗
503 443 2651 568 ſach / weil ſie vom Waſſer kommen; Welches nach ihm ſo vil
506 538 2646 657 andere Scribenten ſicherlich geglaubt / vnnd offtmals wider⸗
508 637 2646 749 holt haben: So hab ich doch jetzund (wie auch zuvor den 22.
510 733 2641 860 Aprilis Anno 1631.) augenſcheinlich befunden / daß ſie dop⸗
510 830 2639 956 pelt gefaͤrbt / naͤmblich gegen der wahren Sonn Roth / vnnd
515 929 2646 1041 von ihr abwarts Blaw erſchinen; Deſſen mir ſo vilhundert
515 1028 2646 1145 anderer Leut Augen / werden Zeugnuß geben. In der Mitt
513 1117 2641 1242 aber allein weiß vnnd klar bliben. Welches ein gewiß Anzei⸗
522 1214 2646 1340 gung iſt / daß ſie nicht per Reflexionem, durch den Wider⸗
517 1311 2646 1439 ſchein als von eim Spiegel (wie bißher etliche gemeint) ſon⸗
517 1412 2651 1527 der per Refractionem, durch gebrochnen Schein formiert
513 1504 2641 1628 werden. Das vornembſt aber / darauff dißfals achtung zu⸗
529 1600 2653 1724 geben / ſo biß dato weder geſucht noch gefunden worden / iſt die
515 1697 2646 1810 wahre Diſtantz oder Weitte zwiſchꝛn beederley Sonnen. Dañ
517 1798 2641 1915 auß diſem Angulo muß man die Refraction vrtheilen / vnnd
515 1888 2646 2007 den modum generationis finden / anderſt kan man nicht zu⸗
515 1980 2651 2104 kommen. Hab mich demnach vmb ſolches zu erlangen / euſ⸗
520 2074 2655 2205 ſerſt bemuͤhet. Nuhn iſt es bey den Sternen ſonſt ein leichte
527 2171 2655 2297 Sach / oder wo man mit dem Geſicht auff zihlen kan: Aber in
517 2270 2653 2396 die liechte Sonn ſcharpff vnnd lang zu gucken/ verletzt vnnd
524 2362 2655 2495 blendet die Augen. Hab alſo hie kein Sextanten / noch an⸗
524 2463 2653 2589 dere Inſtrument pro menſurandis intervallis, ſo zwar bey
529 2559 2658 2684 der Hand waren / gebrauchen koͤnden / vnd das mag auch an⸗
522 2651 2658 2783 dere vor mir gehindert haben) ſondern es per ambages & in-
531 2755 2660 2877 directe zu weg bringen / vnd der Sonnen / wie man redet / den
531 2838 2658 2973 Ranck ablauffen muͤſſen. Dann ich ſuchte darfuͤr die Diffe-
533 2939 2662 3058 rentias Azimuthales, der Meinung / daß ich hernach die be⸗
538 3031 2662 3171 gerte Diſtantz darauß Trigonometricè berechnen moͤge. Vñ
540 3130 2662 3265 zwar kehrt ich den Proceß vmb / vnd zihlte nicht hinauff gegen
533 3226 2653 3353 der rechten Sonn / darein vbel zu ſchawen war / ſonder ließ ih⸗
524 3321 2662 3491 ren Schein auff das Azimuthal Inſtrument ſelbſt herein fal⸗
2503 3417 2667 3555 len/
