1320 2172
563 47 756 104 — 9 —
48 130 1251 188 in qua Papa ille affirmat, romanam ecclesiam
47 184 1256 264 ad finem in fide illibatam esse perseveraturam,
48 261 1252 335 quam omissionem, minime voluntariam, eo magis
48 339 1251 411 doleo, quo minus latere me potuit, quot et qua-
49 412 869 480 les adversarii facto hoc gauderent.
94 479 1258 552 6. Quodsi etiam Dominus de Margerie contradictio-
50 552 1255 626 nis contra me ipsum me accusat (p. 51), decep-
50 625 1257 695 tus versione gallica Historiae Conciliorum (in Corre-
51 695 1259 771 respondant. 10 Janv. 1870 p. i51) ad defensionem
50 768 1259 842 meam sufficient, quae jam superius de hac re pro-
50 842 1263 909 lata sunt. — Sed etiam sine meo monitu quilibet
50 912 1260 974 absque omni difficultate defectum versionis gallicæ
54 981 1263 1055 perspicere poterat. In iis ipsis verbis, quæ Domi-
51 1057 1265 1124 nus de Margerie p. 51 ex hac versione affert, id
51 1128 1264 1198 clare apparet. Quomodo enim, quæso, dicere po-
54 1197 1265 1265 tuissem: «n'a pas émis d'héresie», quum verbis
54 1269 1264 1333 immediate antecedentibus dixerim «ipsum et formu-
56 1343 1266 1411 lam haereticam approbasse et formulam orthodoxam
57 1411 1263 1482 prohibuisse». An forte «n'a pas émis d' héresie»
56 1487 1212 1560 qui formulam haereticam tenendam praescripsit?
109 1556 1266 1627 7. Denique bene notandum est, quantopere defen-
60 1629 1266 1697 sores Honorii sibi invicem contradicant et alter al-
59 1703 1268 1771 terius argumenta infringat. IIli, ut haereticam indo-
61 1777 1270 1837 lem epistolarum Honorio ipsi adscribere non co-
61 1851 1268 1914 gantur, eas ab haereticis depravatas esse conten-
59 1914 1269 1986 dunt; alii econtra epistolas Honorii ab omni macula
60 1989 1269 2060 heterodoxiæ purgari posse putantes, genuitatem et
61 2057 1269 2130 integritatem earum acerrime defendunt. IIli omnino
