1311 2178
566 49 742 119 — 5 —
49 127 1248 199 num autem Honorius melius in corde sentiens so-
50 197 1251 271 lum in verbis peccaverit, id dijudicandum synodus
48 264 1252 344 omniscienti Deo reliquit;» cfr. Histor. Concil. T. III.
50 336 1252 419 p. 269 (germ. edit.) et libellum de Causa Hono-
49 407 278 487 rii p. 11.
99 482 1255 560 In omnibus ergo punctis et thesibus, de quibus
50 552 1256 632 hic agitur, plane idem et nunc sentio et dico et
49 624 1257 700 teneo et affirmo, quod jam ante XIl annos in Hi-
48 696 1250 773 storia Conciliorum sine omni ira et studio protuli,
48 767 1255 844 non ut hominibus placerem, sed ut veritatem, ad
48 838 957 917 fidem fontium historicorum, attestarer.
98 911 1254 989 Si ad ventum vela verterem et favori hominum
50 982 1251 1061 sententias applicare vellem, utique libellum de Cau-
52 1055 1192 1132 sa Honorii non scripsissem. Scivi quid fecerim.
99 1126 1256 1203 Sed quomodo fieri poterat, ut contradictionis et
49 1199 1252 1275 discordiae cum me ipso accusarer? Partim per ar-
49 1271 1249 1347 bitrarias verborum meorum interpretationes, partim,
49 1343 1257 1421 et quidem multo magis, per plane falsam eorum
49 1412 1251 1491 versionem. Affirmatur, in Historia Conciliorum le-
49 1484 1256 1565 si; «dum Honorius haec docuit, orthodoxe doc ait,
50 1557 1068 1633 solum defecit in verborum perspicuitate.»
99 1623 1252 1709 Revera, si in Historia Conciliorum ita scripsis-
49 1704 1257 1778 sem, id omnino non concordaret cum eo, quod n
50 1773 1250 1854 nuperrimo libello affirmavi. Sed illa nullibi scripsi,
48 1847 1256 1926 et nullibi scribere potui. Non potui, quippe qui in
48 1916 1256 1997 Historia Conciliorum pluries disertissimis verbis af-
48 1991 1255 2072 firmaverim, positive haereticum aliquid in episto-
50 2061 1248 2146 lis Honorii contineri (ut supra). Quomodo ergo si-
