1315 2181
574 49 776 107 — 7 —
58 126 1258 190 dans un journal français, Mgr Héfélé a manifesté
56 197 1256 265 l' intention de s'adresser come polémiste au public
60 271 1258 339 laïque, et non plus seulement comme évéque à ses
56 340 649 410 frères dans l'épiscopat.»
94 410 1255 481 Sed hunc usque ad diem plane nihil mihi com-
55 484 1256 554 pertum erat de gallica versione opusculi mei seu de
53 556 1254 626 ejus insertione in ullo diario gallico. Quo jure ergo
52 630 1255 695 Dominus de M. dixerit, me versionem istam aut au-
52 699 1255 770 torizasse (sit venia verbo) aut tolerasse, profecto
53 769 1254 843 non video, nisi forte eodem jure, quo et alias inter-
52 842 831 916 na mea perscrutari praesumpsit.
65 914 1249 981 2. Deinde Dominus de M. se mirari affectat (p.
54 983 1251 1055 48), quomodo in testimonium pro me adhibere po-
50 1057 1254 1126 tuissem litteras S. Leonis II, quum in iis Honorius
49 1130 1254 1203 non qua haereticus sensu strictiori damnaretur, sed
49 1200 1253 1275 quia «maculari doctrinam fidei permiserit et CON-
50 1274 1251 1346 SENSERIT» etc. Ita S. Leo ad Ervigium regem His-
49 1344 1254 1420 paniae scripsit, sed Dominus de M. suppressit in
49 1417 1251 1490 versione sua (p. 47) ea verba quae maximi mo-
50 1495 925 1559 menti sunt, nempe: «et consensit.»
90 1558 1251 1632 Qui autem haeresi consentit, vix negligentiae solum
47 1632 1249 1698 accusandus erit. Ceterum et ego nullo modo acer-
48 1703 1249 1781 bius de Honorio judico, quam S. Leo id fecerit,
48 1779 1254 1842 quum disertis verbis dixerim: in corde non hæretice
48 1850 1253 1920 sensisse seu cogitasse mihi videtur Honorius, sed rem
44 1924 1248 1994 non plane perspiciens male docuit haereticam for-
47 1994 1099 2065 mulam approbando, orthodoxam prohibendo.
96 2062 1251 2144 3. Epistola S. Leonis Il ad Imperatorem tum in
