1311 2066
566 46 745 106 — 10 —
41 129 1238 203 negant, hi firmiter contendunt, Honorium ex cathe-
42 195 1240 272 dra locutum esse (cfr. Penacchi, de Honorii l etc.
48 265 1249 343 Romæ 1870 p. 169 seq.) IIli, auctoritatem Concilii
52 337 1246 414 VI lædere timentes, Acta ejus depravata affirmant;
45 416 1249 490 hi econtra Actorum integritatem negari non posse
47 485 1252 563 persuasi, auctoritatem Concilii aggrediuntur. Nonnulli
48 561 1252 633 mediam viam tenere volentes, integritatem quidem
47 631 1252 707 Actorum agnoscunt, sed duplicem sensum termi-
45 703 1255 782 ni «haereticus» statuunt, ita ut Honorius non qua
47 778 1254 851 haereticus sensu proprio, sed solum qua fautor hæ-
48 849 1258 923 reseos (per negligentiam) condemnatus fuerit. Alii
48 920 1257 998 hanc defensionis methodum parvi pendentes cum
50 995 1252 1067 Penacchio (p. 181) confitentur: «ego non video,
47 1070 1255 1139 quomodo haec Patrum orientalium sententia contra
51 1134 1260 1209 Honorium lata emolliri possit atque pertrahi ad
49 1209 1258 1280 negligentiam. Siquidem loquuntur de doctrina, at-
50 1280 1258 1354 que de ejus epistolis eodem pacto loquuntur ac de
50 1349 1258 1425 illis Cyri et Sergii; dicunt eum in omnibus mentem
52 1423 1262 1496 Sergii sequutum esse; dicunt confirmasse impia
52 1497 1260 1570 dogmata per scripta quae ab eo facta sunt; haec ve-
53 1565 1254 1647 ro quomodo de negligentia intelligi possunt?» Reve-
53 1637 1135 1717 ra, omnis causa defensione mala pejor evadit.
158 1730 737 1814 Romae, XXVII Maji 1870.
670 1882 1166 1946 CAR. lOS. DE HEFELE
696 1969 1141 2020 Episc. Rottenburgensis.
