1313 2182
552 49 743 100 — 3 —
96 123 1245 196 Legas quaeso paginam 14 libelli supradicti et in-
50 195 1245 264 venies: «Leo II Papa rem acu tetigit... Animad-
49 258 1248 336 vertebat quidem ex prima epistola Honorii, ipsi
48 338 1248 408 rectam utique de persona Christi doctrinam ob ocu-
47 407 1243 478 los esse versatam, Chalcedonensem scilicet doctrinam;
47 476 1251 553 eum tamen false inde conclusisse, eum itaque in
48 549 778 625 corde haeretice non sensisse.»
95 618 1251 697 Aperte ergo ac clarissimis verbis etiam in novis-
50 693 1253 767 simo opusculo Honorium in corde orthodoxum pu-
50 768 1254 838 to ob veram Chalcedonensem doctrinam ipsi – normae
50 840 1257 911 instar – ob oculos versatam, sed ipsum materiam
50 906 1252 984 tunc temporis difficillimam non plane perspexisse,
52 979 1260 1052 et ex fundamento verissimo non bene conclusiones
50 1048 1260 1127 duxisse; – plane ergo idem dico, quod et in priori
52 1121 1260 1198 meo libro, ideoque intelligere non possum, quomodo
52 1197 1260 1271 affirmari poterit: in priori meo libro Honorium ab
52 1267 1259 1346 haeresi defensum, in novissimo autem haeresis ac-
53 1349 386 1412 cusatum esse.
98 1414 1264 1486 2. Secunda thesis, quae in loco illo superius ex
54 1477 1268 1560 Historia Conciliorum allato continetur, ea est: Ho-
53 1554 1263 1634 norium non solum propter imprudentem silentii
54 1624 1258 1704 œconomiam, non quia male tacuerit, sed quia in
55 1698 1260 1780 epistolis suis positive haereticum aliquid proposue-
54 1768 1260 1851 rit et haeresim confirmaverit, anathemate percus-
54 1837 1258 1921 sum fuisse. Ergo jam in priori meo libro contendi,
54 1911 1260 1996 epistolas Honorii positive haereticum aliquid con-
55 1986 1263 2065 tinere et haeresin confirmare. In praesentia non
58 2055 1260 2144 id ago, ut hanc thesim defendam, nam defensio
