1399 2279
543 253 941 370 DEFENSIO
223 459 1254 596 EPISCOPI ROTTENBURGENSIS
177 1063 1324 1152 Paucos ante dies mihi innotuit, a quibusdam ru-
124 1136 1330 1219 morem spargi, quod in causa Honorii mihi ipsi
122 1202 1328 1287 contradixissem, in nuperrimo libello meo (Neapoli
122 1277 1309 1361 1870) eum haereseos accusans, quem antea in ma
126 1348 1322 1440 jori libro meo («Historia Concilierum») ab hujus-
119 1421 789 1487 modi suspicione purgassem.
163 1499 1324 1572 Quem in finem ejusmodi accusatio contra me fue-
116 1563 1324 1652 rit prolata et divulgata, facile perspicitur. Quaenam
115 1632 1325 1725 enim alia methodus fuerit facilior ad dehonestan-
115 1707 1198 1790 dum auctorem et argumenta ejus enervanda?
160 1777 1320 1867 Quum autem cuilibet accusato jus defensionis im-
112 1852 1322 1939 minui quidem, raro vero plane auferri possit, ideo
112 1924 1324 2011 et ego accusationem istam, contra me prolatam, in
115 1996 1307 2085 sequentibus accuratius considerare, in trutina exa
114 2075 1146 2149 minare et cum veritate comparare conabor.
162 2135 1317 2228 In tertio iomo Historiae Conciliorum (edit. ger-
