1318 2184
573 54 771 98 — 8 —
69 131 1268 194 textu originali latino, tum in versione graeca adest
67 195 1276 268 Sed cuinant textui Dominus de M. palmam tribuit?
67 266 1273 339 Utique versioni graecae, quia Honorio magis favet,
65 339 1273 411 quam originalis textus. Et pro monstro hoc critico
64 408 1271 482 ne scintilla probationis affertur. Quid Dominus de
63 480 1265 555 M. diceret, si in damnum Honorii versionem grae-
60 553 1160 620 cant textui latino originali praeferre vellemus?
115 623 1269 696 4. Vehementer nos aggreditur Dominus de M.
61 697 1269 771 quod p. 22 libelli nostri scripserimus, infallibilita-
60 772 1270 843 tem romanae ecclesiae posse adstrui, quin eo ipso
58 839 1275 913 adstruatur personalis infallibilitas Papae. — Placuit
58 912 1268 982 domino de Margerie, verba nostra non in textu ori-
57 985 1268 1056 ginali latino proferre, in versione sua gallica autem
60 1055 1267 1129 verbum «personalis,» a nobis expresse per typos
55 1124 1265 1195 distinctum, plane omittere. Hac versione feliciter
57 1201 1264 1270 perfecta distinctionem nostram heterodoxiae, haere-
55 1271 1267 1341 sis Presbyterianae et Febronianae, imo insaniae
53 1346 1264 1415 accusat, p. 27 et 29. Sed juvat socios habere ma-
52 1414 1263 1487 lorum. Multi theologi jam ante nos distinctionem
50 1485 1265 1556 illam fecerunt. Audi S. Leonem Magnum: »Aliud
50 1556 1259 1634 sunt sedes, aliud praesidentes» (ep. 106 al. 80 c. 5).
52 1629 1259 1701 Adrianus VI scribit in suo Commentario in lib. IV
50 1703 1259 1776 Sent. art. 3. «Dico, quod si per romanam ecclesiam
50 1771 1250 1855 intelligitur caput illius, puta pontifex, certum est,
50 1843 1258 1923 quod possit errare, etiam in iis, quae tangunt fidem.»
95 1918 1257 1994 5. Caeterum absque taedio et minime reluctans con-
48 1987 1254 2067 cedo, in epistola Agathonis Papae ad Imperatorem
49 2061 1250 2146 unam phrasim seu lineam a me praetermissam fuisse,
