<?xml version="1.0" encoding="UTF-8"  standalone="yes"?>
<PcGts xmlns="http://schema.primaresearch.org/PAGE/gts/pagecontent/2019-07-15" xmlns:xsi="http://www.w3.org/2001/XMLSchema-instance" xsi:schemaLocation="http://schema.primaresearch.org/PAGE/gts/pagecontent/2019-07-15 http://schema.primaresearch.org/PAGE/gts/pagecontent/2019-07-15/pagecontent.xsd">
  <Metadata externalRef="http://idb.ub.uni-tuebingen.de/opendigi/image/akzs_1860/akzs_1860_00027.jp2/full/full/0/default.jpg">
	<Creator>escriptorium</Creator>
	<Created>2022-02-23T18:18:46.237553+00:00</Created>
        <LastChange>2022-02-23T18:18:46.237568+00:00</LastChange>
  </Metadata>
  <Page imageFilename="26_63d1f_default.jpg" imageWidth="1497" imageHeight="2610">
    <TextRegion id="eSc_textblock_b2eddcfa"  >
      <Coords points="763,93 696,102 696,52 763,52 763,93"/>
      <TextLine id="eSc_line_8622ffe5" >
        <Coords points="694,93 691,45 755,43 757,93 755,106 691,104"/>
        <Baseline points="694,93 757,93"/>
        <TextEquiv>
          <Unicode>25</Unicode>
        </TextEquiv>
      </TextLine>
    </TextRegion>
    <TextRegion id="eSc_textblock_22deb3f0"  >
      <Coords points="1381,2407 17,2381 43,156 1416,182 1381,2407"/>
      <TextLine id="eSc_line_2ec473c2" >
        <Coords points="39,195 39,147 1404,160 1407,208 1403,226 36,210"/>
        <Baseline points="39,195 1407,208"/>
        <TextEquiv>
          <Unicode>der geiſtliche Stand genannt; Fürſten, Herren, Handwerks⸗ und Ackerleute der</Unicode>
        </TextEquiv>
      </TextLine>
      <TextLine id="eSc_line_8e5882c6" >
        <Coords points="41,250 41,195 1405,213 1407,267 1403,282 39,261"/>
        <Baseline points="41,250 1407,267"/>
        <TextEquiv>
          <Unicode>weltliche Stand. Denn alle Chriſten ſind wahrhaft geiſtlichen</Unicode>
        </TextEquiv>
      </TextLine>
      <TextLine id="eSc_line_26e28781" >
        <Coords points="39,302 39,252 1403,269 1403,315 1399,332 34,317"/>
        <Baseline points="39,302 1403,315"/>
        <TextEquiv>
          <Unicode>Standes und iſt unter ihnen kein Unterſchied, denn des Amts halber. Das</Unicode>
        </TextEquiv>
      </TextLine>
      <TextLine id="eSc_line_058548e1" >
        <Coords points="36,356 36,313 1401,321 1403,371 1399,391 34,369"/>
        <Baseline points="36,356 1403,371"/>
        <TextEquiv>
          <Unicode>macht Alles, daß wir eine Taufe, ein Evangelium, einen Glauben haben,</Unicode>
        </TextEquiv>
      </TextLine>
      <TextLine id="eSc_line_9c4d78ff" >
        <Coords points="36,408 36,365 1401,380 1403,424 1399,437 34,421"/>
        <Baseline points="36,408 1403,424"/>
        <TextEquiv>
          <Unicode>und ſind gleiche Chriſten (Epheſ. 4, 5). Denn die Taufe, Evangelium</Unicode>
        </TextEquiv>
      </TextLine>
      <TextLine id="eSc_line_6c4f2814" >
        <Coords points="36,461 36,421 1394,424 1394,471 1390,489 34,476"/>
        <Baseline points="36,461 1394,471"/>
        <TextEquiv>
          <Unicode>und Glauben — die machen allein geiſtlich und Chriſtenvolk.“</Unicode>
        </TextEquiv>
      </TextLine>
      <TextLine id="eSc_line_fb152c31" >
        <Coords points="36,517 36,465 1396,480 1399,530 1394,545 34,530"/>
        <Baseline points="36,517 1399,530"/>
        <TextEquiv>
          <Unicode>Darum wollte Luther auch nicht zugeben, daß die geiſtlichen Herren über die</Unicode>
        </TextEquiv>
      </TextLine>
      <TextLine id="eSc_line_17aca32a" >
        <Coords points="36,567 36,522 1399,537 1399,587 1394,600 32,582"/>
        <Baseline points="36,567 1399,587"/>
        <TextEquiv>
          <Unicode>Lehre ſeien. „Weil jeder ein Prieſter iſt, ſagt er in dieſer Beziehung,</Unicode>
        </TextEquiv>
      </TextLine>
      <TextLine id="eSc_line_81981406" >
        <Coords points="36,626 36,574 1405,587 1405,639 1401,652 34,637"/>
        <Baseline points="36,626 1405,639"/>
        <TextEquiv>
          <Unicode>ſo hat jeder auch Macht zu ſchmecken und zu urtheilen, was da</Unicode>
        </TextEquiv>
      </TextLine>
      <TextLine id="eSc_line_7ac34266" >
        <Coords points="36,676 36,630 1401,650 1401,691 1396,704 34,689"/>
        <Baseline points="36,676 1401,691"/>
        <TextEquiv>
          <Unicode>Recht und Unrecht iſt im Glauben“. Der Glaube macht nach Luther</Unicode>
        </TextEquiv>
      </TextLine>
      <TextLine id="eSc_line_dedd65ec" >
        <Coords points="34,728 34,682 1396,696 1399,746 1394,761 30,743"/>
        <Baseline points="34,728 1399,746"/>
        <TextEquiv>
          <Unicode>den Menſchen zum Prieſter. „Ein Chriſtenmenſch, ſagt er in ſeiner Schrift</Unicode>
        </TextEquiv>
      </TextLine>
      <TextLine id="eSc_line_cdb86833" >
        <Coords points="34,782 34,739 1401,750 1401,798 1396,813 30,798"/>
        <Baseline points="34,782 1401,798"/>
        <TextEquiv>
          <Unicode>vom babyloniſchen Gefängniß, wird durch den Glauben ſo hoch erhaben</Unicode>
        </TextEquiv>
      </TextLine>
      <TextLine id="eSc_line_146eb7c3" >
        <Coords points="32,835 32,785 1309,804 1312,852 1307,869 28,856"/>
        <Baseline points="32,835 1312,852"/>
        <TextEquiv>
          <Unicode>über alle Dinge, daß er aller Dinge geiſtlich ein Herr wird“.</Unicode>
        </TextEquiv>
      </TextLine>
      <TextLine id="eSc_line_c5e54e6a" >
        <Coords points="115,893 115,848 1399,852 1401,904 1396,915 110,913"/>
        <Baseline points="115,893 1401,904"/>
        <TextEquiv>
          <Unicode>Nun iſt aber das Chriſtenthum nicht eine Angelegenheit vereinzelter</Unicode>
        </TextEquiv>
      </TextLine>
      <TextLine id="eSc_line_04b47e00" >
        <Coords points="30,946 30,893 1396,911 1399,954 1394,970 28,961"/>
        <Baseline points="30,946 1399,954"/>
        <TextEquiv>
          <Unicode>Menſchen, ſondern der Menſchheit. Chriſtus iſt nicht in die Welt gekom⸗</Unicode>
        </TextEquiv>
      </TextLine>
      <TextLine id="eSc_line_be014b55" >
        <Coords points="30,998 30,956 1396,970 1396,1011 1392,1026 28,1011"/>
        <Baseline points="30,998 1396,1011"/>
        <TextEquiv>
          <Unicode>men, um dieſen oder jenen Menſchen, ſondern um alle zu erlöſen. Alle Gläu⸗</Unicode>
        </TextEquiv>
      </TextLine>
      <TextLine id="eSc_line_1aede09f" >
        <Coords points="30,1050 30,1007 1396,1020 1399,1063 1394,1080 28,1065"/>
        <Baseline points="30,1050 1399,1063"/>
        <TextEquiv>
          <Unicode>bigen zuſammen bilden daher die große prieſterliche Gemeinde, das Volk des</Unicode>
        </TextEquiv>
      </TextLine>
      <TextLine id="eSc_line_a95a2d6f" >
        <Coords points="30,1104 30,1054 1401,1070 1401,1117 1396,1131 28,1117"/>
        <Baseline points="30,1104 1401,1117"/>
        <TextEquiv>
          <Unicode>Eigenthums Jeſu, und was ſie mit dem Herrn verbindet, iſt keine äußere</Unicode>
        </TextEquiv>
      </TextLine>
      <TextLine id="eSc_line_b44304af" >
        <Coords points="30,1157 30,1104 1394,1131 1394,1174 1390,1185 28,1167"/>
        <Baseline points="30,1157 1394,1174"/>
        <TextEquiv>
          <Unicode>Anſtalt, keine menſchengemachte Einrichtung, ſondern ihr inneres Glaubensleben,</Unicode>
        </TextEquiv>
      </TextLine>
      <TextLine id="eSc_line_81c297d2" >
        <Coords points="32,1211 32,1159 1399,1172 1399,1224 1394,1244 30,1224"/>
        <Baseline points="32,1211 1399,1224"/>
        <TextEquiv>
          <Unicode>das ſie im Geiſt mit Chriſto einigt, wenn es auch erſt in Früchten der That</Unicode>
        </TextEquiv>
      </TextLine>
      <TextLine id="eSc_line_634f7894" >
        <Coords points="32,1263 32,1218 509,1222 511,1270 506,1291 28,1276"/>
        <Baseline points="32,1263 511,1270"/>
        <TextEquiv>
          <Unicode>nach außen an&#39;s Licht tritt.</Unicode>
        </TextEquiv>
      </TextLine>
      <TextLine id="eSc_line_7fa66cd2" >
        <Coords points="106,1322 106,1270 1396,1278 1396,1331 1392,1350 102,1335"/>
        <Baseline points="106,1322 1396,1331"/>
        <TextEquiv>
          <Unicode>Dieſe eine, und, wie unſere Glaubenslehre mit Recht ſich ausdrückt, un⸗</Unicode>
        </TextEquiv>
      </TextLine>
      <TextLine id="eSc_line_92ae5983" >
        <Coords points="28,1372 28,1322 1392,1337 1394,1385 1390,1398 26,1385"/>
        <Baseline points="28,1372 1394,1385"/>
        <TextEquiv>
          <Unicode>ſichtbare Gemeinde Jeſu, iſt gegenwärtig noch verborgen vor der Welt, und</Unicode>
        </TextEquiv>
      </TextLine>
      <TextLine id="eSc_line_ac66dc71" >
        <Coords points="28,1424 28,1378 1396,1396 1399,1437 1394,1450 26,1439"/>
        <Baseline points="28,1424 1399,1437"/>
        <TextEquiv>
          <Unicode>nur Gott bekannt. Sie iſt aber gleichwohl kein bloßes Ideal, nicht lediglich</Unicode>
        </TextEquiv>
      </TextLine>
      <TextLine id="eSc_line_a5885504" >
        <Coords points="28,1476 28,1433 1394,1444 1396,1492 1392,1505 26,1489"/>
        <Baseline points="28,1476 1396,1492"/>
        <TextEquiv>
          <Unicode>ein Traum, ſie iſt wirklich da, ja, wirklicher als Alles, was es ſonſt auf</Unicode>
        </TextEquiv>
      </TextLine>
      <TextLine id="eSc_line_ffd91ed2" >
        <Coords points="28,1529 28,1487 1396,1505 1399,1546 1394,1561 23,1544"/>
        <Baseline points="28,1529 1399,1546"/>
        <TextEquiv>
          <Unicode>Erden giebt. Aber mit Fingern kann man nicht auf ſie weiſen, mit Händen</Unicode>
        </TextEquiv>
      </TextLine>
      <TextLine id="eSc_line_cdf04cae" >
        <Coords points="28,1585 28,1535 1394,1555 1396,1598 1392,1611 26,1598"/>
        <Baseline points="28,1585 1396,1598"/>
        <TextEquiv>
          <Unicode>läßt ſie ſich nicht greifen. Sie iſt ein Gegenſtand des Glaubens, und</Unicode>
        </TextEquiv>
      </TextLine>
      <TextLine id="eSc_line_7420c3e9" >
        <Coords points="28,1637 28,1592 1392,1600 1394,1648 1390,1668 26,1652"/>
        <Baseline points="28,1637 1394,1648"/>
        <TextEquiv>
          <Unicode>wir bekennen darum im apoſtoliſchen Glaubensbekenntniſſe in der That unſern</Unicode>
        </TextEquiv>
      </TextLine>
      <TextLine id="eSc_line_5c5870bc" >
        <Coords points="28,1689 28,1644 1016,1661 1018,1705 1013,1724 23,1703"/>
        <Baseline points="28,1689 1018,1705"/>
        <TextEquiv>
          <Unicode>Glauben an die allgemeine chriſtliche Kirche.</Unicode>
        </TextEquiv>
      </TextLine>
      <TextLine id="eSc_line_28084bf6" >
        <Coords points="104,1748 104,1703 1394,1713 1396,1757 1392,1770 100,1761"/>
        <Baseline points="104,1748 1396,1757"/>
        <TextEquiv>
          <Unicode>Nun hat aber jede verborgene Wirklichkeit den Trieb in ſich, in</Unicode>
        </TextEquiv>
      </TextLine>
      <TextLine id="eSc_line_adb48af6" >
        <Coords points="26,1796 26,1746 1392,1761 1394,1811 1390,1831 23,1809"/>
        <Baseline points="26,1796 1394,1811"/>
        <TextEquiv>
          <Unicode>die Erſcheinung zu treten. Die unſichtbare Gemeinde muß, wenn für einmal</Unicode>
        </TextEquiv>
      </TextLine>
      <TextLine id="eSc_line_59a74435" >
        <Coords points="26,1846 26,1798 1388,1820 1390,1866 1386,1881 21,1861"/>
        <Baseline points="26,1846 1390,1866"/>
        <TextEquiv>
          <Unicode>auch noch in mangelhafter Weiſe, darum ſich beſtreben, ſichtbar zu werden.</Unicode>
        </TextEquiv>
      </TextLine>
      <TextLine id="eSc_line_2836d8ca" >
        <Coords points="23,1903 23,1855 1388,1872 1388,1920 1383,1933 21,1916"/>
        <Baseline points="23,1903 1388,1920"/>
        <TextEquiv>
          <Unicode>Die ſichtbaren, äußerlich geordneten, Chriſtengemeinden ſind ſolche Verſuche,</Unicode>
        </TextEquiv>
      </TextLine>
      <TextLine id="eSc_line_7a374f5e" >
        <Coords points="26,1955 26,1905 1388,1922 1388,1972 1383,1987 21,1974"/>
        <Baseline points="26,1955 1388,1972"/>
        <TextEquiv>
          <Unicode>das unſichtbare Gottesvolk an&#39;s Licht zu bringen, und zugleich Veranſtaltungen,</Unicode>
        </TextEquiv>
      </TextLine>
      <TextLine id="eSc_line_60ae83dd" >
        <Coords points="26,2007 26,1959 1386,1974 1388,2022 1383,2040 21,2024"/>
        <Baseline points="26,2007 1388,2022"/>
        <TextEquiv>
          <Unicode>um die Welt immer mehr für das ewige Gottesreich zu gewinnen. Die ſicht⸗</Unicode>
        </TextEquiv>
      </TextLine>
      <TextLine id="eSc_line_52d57311" >
        <Coords points="26,2059 28,2009 65,2020 755,2020 757,2020 937,2033 1388,2029 1390,2079 1388,2094 635,2096 633,2096 21,2074"/>
        <Baseline points="26,2059 1390,2079"/>
        <TextEquiv>
          <Unicode>baren Kirchen ſind äußerſt wichtig, weil ſie eine doppelte äußerſt wichtige</Unicode>
        </TextEquiv>
      </TextLine>
      <TextLine id="eSc_line_05bceb98" >
        <Coords points="28,2116 28,2066 1386,2081 1388,2131 1386,2144 613,2148 611,2148 169,2133 80,2142 80,2142 78,2142 78,2142 78,2142 23,2129"/>
        <Baseline points="28,2116 1388,2131"/>
        <TextEquiv>
          <Unicode>Aufgabe haben: eine darſtellende nach außen und eine bauende nach innen.</Unicode>
        </TextEquiv>
      </TextLine>
      <TextLine id="eSc_line_f3f8eb18" >
        <Coords points="26,2166 26,2114 163,2131 1386,2135 1388,2188 1383,2201 161,2194 161,2194 21,2179"/>
        <Baseline points="26,2166 1388,2188"/>
        <TextEquiv>
          <Unicode>Was im Glauben ſtill verborgen, wie die Perlen im Meeresgrunde, innerlich</Unicode>
        </TextEquiv>
      </TextLine>
      <TextLine id="eSc_line_7d91ba0d" >
        <Coords points="26,2220 26,2168 163,2183 1386,2190 1388,2242 1383,2255 298,2251 298,2251 21,2233"/>
        <Baseline points="26,2220 1388,2242"/>
        <TextEquiv>
          <Unicode>lebt, das ſuchen ſie auszuſprechen. Was den Glauben noch nicht hat, aber</Unicode>
        </TextEquiv>
      </TextLine>
      <TextLine id="eSc_line_cbfa0456" >
        <Coords points="26,2275 26,2222 91,2235 115,2227 115,2227 117,2227 117,2227 117,2227 119,2227 435,2244 1383,2244 1386,2296 1381,2309 298,2305 298,2305 73,2301 73,2301 73,2301 71,2301 19,2285"/>
        <Baseline points="26,2275 1386,2296"/>
        <TextEquiv>
          <Unicode>dazu beſtimmt iſt, ihn zu empfangen, das ſuchen ſie zum Glauben zu führen.</Unicode>
        </TextEquiv>
      </TextLine>
      <TextLine id="eSc_line_5705e948" >
        <Coords points="104,2333 104,2288 1386,2303 1388,2349 1383,2362 100,2353"/>
        <Baseline points="104,2333 1388,2349"/>
        <TextEquiv>
          <Unicode>Auch die evangeliſche Glaubensgemeinſchaft hat ſich als ſichtbare Kirche zu</Unicode>
        </TextEquiv>
      </TextLine>
    </TextRegion>
    <TextRegion id="eSc_dummyblock_">
      <TextLine id="eSc_line_4787d309" >
        <Coords points="23,2379 23,2340 1381,2351 1383,2399 1381,2440 1333,2440 1331,2438 1331,2438 1329,2438 1329,2438 1329,2438 1327,2438 1327,2438 1296,2418 1192,2433 1164,2438 1164,2438 1161,2438 1161,2438 1159,2438 1140,2433 1072,2416 1007,2427 1007,2427 1005,2427 1005,2427 1005,2427 1003,2427 1003,2427 1003,2427 1000,2427 1000,2427 1000,2425 990,2416 900,2425 900,2425 898,2425 898,2425 896,2425 859,2414 805,2414 794,2425 785,2431 785,2433 785,2433 783,2433 783,2433 783,2433 781,2433 781,2433 778,2433 778,2433 678,2422 641,2418 617,2420 539,2431 539,2431 537,2431 537,2431 535,2431 535,2431 535,2431 509,2418 500,2414 483,2418 446,2425 446,2425 446,2425 443,2425 443,2425 441,2425 441,2425 415,2416 411,2414 404,2416 363,2431 363,2431 361,2431 361,2431 359,2431 359,2431 359,2431 356,2431 356,2431 315,2414 311,2412 308,2414 287,2429 285,2429 285,2429 285,2429 282,2429 282,2429 282,2431 113,2431 110,2429 110,2429 108,2429 108,2429 106,2429 69,2407 67,2407 21,2407"/>
        <Baseline points="23,2379 289,2392 1383,2399"/>
        <TextEquiv>
          <Unicode>erbauen geſucht, aber in einem ganz anderen Sinne, als die römiſch⸗katholiſche.</Unicode>
        </TextEquiv>
      </TextLine>
    </TextRegion>
  </Page>
</PcGts>
