1501 2610
93 167 1457 239 deten Gemeinden bedürfen vor Allem eines richtigen Verſtändniſſes der kirchlichen
93 221 1453 291 Lebensbedingungen, einer tieferen Einſicht in die ſchwebenden kirchlichen Lebens⸗
89 267 1455 345 fragen, einer erneuerten heiligen Liebe zu den evangeliſchen Wahrheitsſchätzen
84 326 1459 404 und fortgeſetzter Anregung zu kräftiger Theilnahme an Dem, was die Kirche
87 384 1455 445 nach innen bewegt, nach außen fördert. Ein ſolches Organ zu gründen, welches
87 437 1453 504 auch den Theologen und Geiſtlichen dienen will, da ſie ja berufen
84 487 1453 556 ſind, an der Spitze der Gemeinden zu ſchreiten, aber insbeſondere den
87 530 1453 606 Gemeindegenoſſen Hand bieten möchte, in kirchlicher Erkenntniß zu
84 595 1448 659 wachſen und zu kirchlicher Lebensthätigkeit ſich heranzubilden, ſo weit dies über⸗
84 632 1450 722 haupt auf dem Wege öffentlicher Beſprechung möglich, iſt mit Gottes Hülfe
84 702 1448 765 unſere Abſicht. Wir gedenken unſere Aufmerkſamkeit allen religiöſen und kirch⸗
87 752 1450 817 lichen Fragen der Gegenwart, ſo weit ſie ein höheres und allgemeines Intereſſe
84 804 1448 874 beanſpruchen, zuzuwenden und ſie in möglichſt anregender Weiſe zu beſprechen.
82 861 1448 930 Aber insbeſondere iſt es die Begründung, Entwicklung und Ausgeſtaltung des
82 898 1448 985 chriſtlichen Gemeindelebens uach evangeliſchen Grundſätzen, namentlich
80 956 1446 1044 die in apoſtoliſchem Geiſte vorſchreitende Ausbildung der Presbyterial⸗
82 1011 1448 1091 und Synodalverfaſſung in dem evangeliſchen Deutſchland und über deſſen
82 1063 1448 1146 Gränzen hinaus, woran nach Kräften mitzuarbeiten, unſer Blatt als eine
80 1126 894 1196 ſeiner bedeutſamſten Aufgaben betrachten wird.
160 1176 1446 1257 Dabei ſtellen wir uns unumwunden auf die unerſchütterlichen Grundlagen
76 1231 1442 1305 des Evangeliums Jeſu Chriſti, außer welchem kein anderer Grund
78 1285 1444 1357 gelegt werden kann, und auf den durch den Glauben und das Blut unſerer
76 1333 1442 1413 Väter geweihten Boden der Reformation, welcher das deutſche Volk das
76 1376 1442 1470 Kleinod der Gewiſſens⸗ und Geiſtesfreiheit verdankt, und von deren Wahrheits⸗
71 1437 1444 1524 ſchätzen gegenwärtig mehr als je das Wort gilt: Behalte was du haſt, damit
71 1489 1440 1576 Niemand deine Krone raube. Wir halten feſt an dem unverbrüchlichen Zeug⸗
73 1539 1442 1631 niſſe der heiligen Schrift Alten und Neuen Teſtamentes, als der oberſten
73 1598 1440 1679 Richtſchnur und Regel unſeres Glaubens, die wir, in treuer und freier For⸗
78 1648 1440 1737 ſchung unter der Leitung des heiligen Geiſtes, immer gründlicher zu verſtehen,
76 1698 1440 1790 als Theologen und Chriſten für unſere höchſte Gewiſſenspflicht halten. Wir
71 1753 1442 1842 ſtehen in Uebereinſtimmung mit den Grundwahrheiten der reformatoriſchen
71 1813 1440 1894 Bekenntniſſe, ohne die Gewiſſen an die menſchliche und vergängliche Form der⸗
71 1866 1440 1948 ſelben binden zu wollen. Wir beklagen tief die confeſſionelle Spaltung inner⸗
71 1918 1440 2003 halb der proteſtantiſchen Kirche, und freuen uns jeder Annäherung an das vom
69 1970 1437 2055 Herrn der Kirche ſelbſt geſteckte Ziel brüderlicher Vereinigung Aller, die ſich
67 2024 1437 2103 nach Seinem Namen nennen. Wir ſind aber zu gleicher Zeit weit davon
69 2079 1440 2161 entfernt, auf dem Wege künſtlicher Unionsexperimente jenes Ziel erreichen
71 2135 1440 2218 helfen zu wollen. Die Wahrheit, Freiheit, Selbſtſtändigkeit der proteſtantiſchen
73 2183 1440 2270 Kirche, die Grundſätze evangeliſcher Toleranz, die Rechte der Gewiſſen werden
73 2238 1440 2320 wir gegen Angriffe und Eingriffe nach Vermögen vertheidigen. Aufbau der
73 2294 1433 2377 evangeliſchen Kirche auf dem Grunde des göttlichen Wortes,
76 2344 1435 2438 organiſche Entfaltung des Gemeindelebens, freie Bewegung
759 41 796 150 2
