1497 2610
718 56 752 119 3
45 160 1416 241 der in der Gemeinde ruhenden kirchlichen Kräfte und Gaben,
43 217 1420 293 lebendige Theilnahme der Gemeindeglieder an allen größeren
43 267 1418 348 kirchlichen Lebensaufgaben und Mitwirkung derſelben an den
43 324 1416 398 religiöſen und ſittlichen Arbeiten der Gegenwart: das ſind
43 371 1272 452 Zwecke, für die thätig zu ſein wir mit Gottes Hülfe entſchloſſen ſind.
124 426 1416 504 Was die äußere Einrichtung unſerer Zeitſchrift betrifft, ſo wird dieſelbe
43 482 1416 565 jährlich in 10 Heften, das Heft zu 3—4 Bogen Gr. Octav⸗Format, erſcheinen.
132 543 696 615 Sie wird enthalten:
124 600 1416 678 Erſtens: Leitartikel und Aufſätze über alle wichtigeren Vorgänge
82 650 1416 746 und ſchwebenden Fragen in der Kirche, ſowohl ſolche, welche das Gebiet
82 709 1414 782 des Glaubens und des chriſtlichen Lebens, als des Gottesdienſtes, der Ver⸗
82 759 1418 837 faſſung, des Verhältniſſes der Kirche zum Staate u. ſ. w. betreffen. Dieſe
82 813 1412 891 Leitartikel und Aufſätze werden möglichſt kurz und allgemein ver⸗
82 854 585 946 ſtändlich gehalten werden.
121 922 1409 1011 Zweitens: Kirchliche Nachrichten, und zwar ſo viel als möglich
80 985 1414 1065 Originalcorreſpondenzen aus den verſchiedenen Gebieten der deutſchen
80 1039 620 1107 und der außerdeutſchen Kirche.
117 1094 1414 1176 Drittens: Eine Ueberſicht über die wichtigere neuere theologiſche
80 1146 1407 1246 Litteratur, unter kurzer Beſprechung des Bedeutenderen, mit Uebergehung
78 1202 1407 1289 des Unweſentlichen. Die Bücheranzeigen werden ſo ſchnell als möglich er⸗
78 1259 1407 1339 folgen, und namentlich wird auch der Theil der religiöſen Litteratur Berück⸗
78 1313 1401 1396 ſichtigung finden, der für die Gemeindegenoſſen von Intereſſe iſt.
117 1365 1409 1489 Viertens: Eine fortlaufende Chronik der namhafteren kirchlichen
76 1415 330 1489 Ereigniſſe.
115 1476 1407 1585 Fünftens endlich können Ereigniſſe und Bücher, welche nicht dem enge⸗
78 1533 1407 1635 ren Kreiſe des kirchlichen Gebietes angehören, ebenfalls Berückſichtigung
76 1600 1407 1696 finden, ſobald ſie einen weſentlichen Einfluß auf jenes Gebiet auszuüben
71 1655 345 1731 im Falle ſind.
117 1713 1409 1805 Unſere Zeitſchrift ſtellt ſich unter die Fahne keiner Partei, ſondern lediglich
32 1759 1407 1853 unter das Kreuz Jeſu Chriſti, des Anfängers und Vollenders. Sie wird zwar
32 1809 1405 1907 die Polemik nicht ganz vermeiden können, wo es gilt, dem als ſchädlich und
32 1874 1407 1959 verderblich Erkannten kräftig entgegen zu treten. Ihre eigentliche Aufgabe wird
32 1918 1407 2003 jedoch die ſein, zu bauen, und Diejenigen um ſich zu ſammeln, welchen es
34 1974 1407 2068 mit der Erbauung des Reiches Gottes auf dem Grunde der apoſtoliſchen und
34 2035 1405 2120 reformatoriſchen Wahrheiten in unſerem deutſchen Vaterlande und allerwärts
32 2088 1405 2164 ein wahrer und tiefer Ernſt iſt. Namentlich die Genoſſen der deutſchen evan⸗
30 2140 1407 2218 geliſchen Kirche, lutheriſchen, reformirten und unirten Bekenntniſſes, immer
32 2188 1407 2270 inniger im Glauben an ihren Erlöſer zu verbinden, und die Einigung der
30 2240 1407 2327 deutſchen evangeliſchen Kirche nach Innen und Außen bewirken zu helfen, wird
32 2301 1409 2390 ein Hauptzielpunkt unſeres Blattes ſein. Eine Anzahl von ausgezeichneten
32 2344 1405 2449 Theologen, Geiſtlichen und Gemeindegenoſſen hat ſich bereit erklärt, mit Bei⸗
1046 2416 1092 2494 1*
