1501 2610
765 47 796 102 4
102 150 1470 221 trägen unſer Unternehmen kräftigſt zu unterſtützen. Der Herr Verleger hat es
102 193 1468 271 ſich ſeinerſeits angelegen ſein laſſen, durch wohlfeilen Preis der Zeitſchrift eine
100 256 1466 330 möglichſt weite Verbreitung unter Geiſtlichen und Gemeindegenoſſen zu ſichern.
182 311 1464 382 Das hiermit erſcheinende erſte Heft wird zeigen, wie wir unſere Auf⸗
100 361 1466 430 gabe für die Zukunft zu löſen gedenken. Alle Diejenigen, welche mit den
100 415 1466 485 von uns aufgeſtellten Grundſätzen übereinſtimmen und nach demſelben
97 465 1464 535 Ziele ringen, bitten wir angelegentlichſt, unſerem Unternehmen ihre gütige
100 522 1464 591 Mitwirkung zuwenden und für möglichſte Verbreitung deſſelben thätig ſein
97 580 298 648 zu wollen.
184 652 854 709 Heidelberg, im December 1859.
1044 652 1377 761 Dr. Schenkel.
176 913 1455 991 Dem vorſtehenden Programme habe ich als Verleger nur noch hinzuzufügen,
95 963 1459 1044 daß es mein aufrichtiges Beſtreben ſein wird, Sorge zu tragen für eine gute
93 1017 1459 1094 typographiſche Ausſtattung und ein promptes Erſcheinen der einzelnen Hefte in
97 1067 926 1148 regelmäßigen fünfwöchentlichen Zwiſchenräumen.
171 1135 1455 1215 Wie ich der Erwartung der verehrlichen Redaction, durch einen möglichſt
89 1187 1453 1268 niedrigen Preis die Verbreitung der Zeitſchrift kräftigſt zu fördern, zu ent⸗
89 1237 1450 1324 ſprechen bereit bin, glaube ich nicht beſſer an den Tag legen zu können, als
91 1287 1377 1372 dadurch, daß ich das jährliche Abonnement für 10 Hefte hiermit auf nur
343 1363 1198 1457 1 Thaler 15 Sgr. preuß. Court. o. W.
89 1442 1455 1539 feſtſtelle, und dadurch unſer Organ zu der wohlfeilſten aller kirchlichen
89 1494 1455 1602 Zeitſchriften ähnlicher Bedeutung mache. Allerdings zähle ich dabei auf eine
93 1555 1148 1657 ſehr große Verbreitung, die hoffentlich nicht ausbleiben wird.
193 1624 1448 1739 Alle Buchhandlungen und Poſtämter nehmen Beſtellungen an.
169 1685 763 1811 Elberfeld, im December 1859.
807 1809 1276 1922 R. L. Friderichs.
904 1894 1172 1979 Verlagshandlung.
