1501 2610
741 50 780 134 6
76 145 1442 224 ſein kann, die Naturſchranken des ſtaatlichen Lebens willkürlich zu durch⸗
78 202 1442 278 brechen, ſo hat es dagegen um ſo mehr die Beſtimmung, das ſtaatliche Leben
78 261 1442 328 von den Naturbanden der Selbſtſucht immer mehr zu befreien, die Völker
73 304 1444 380 zu heiligen durch Liebe, die Nationalitäten zu verklären durch die Tugenden
76 361 1442 441 der Aufopferung und Seelengröße. Inſofern allerdings, als das Chriſtenthum
73 417 1440 493 einen menſchheitlichen Charakter trägt, als es die allgemeine Religion,
78 456 1442 543 die Religion der Menſchheit iſt, kann ſich ſeinen Kräften und Wirkungen
78 515 1442 598 nichts Menſchliches entziehen; es erwahrt ſich in ihm immerfort auf's Neue
76 567 861 648 das apoſtoliſche Wort: „Alles iſt Euer.“
158 619 1442 698 Einer der größten Geſchichtſchreiber der neueren Zeit bemerkt, daß je mehr
78 680 1444 756 die ächte Geſtalt des Werkes Chriſti, von Entſtellungen unglücklicher Zeiten
76 730 1442 802 geläutert, erſcheine, um ſo mehr die Blüthe der Humanität in die Grundveſten
76 791 1440 861 der Geſellſchaft dringe, *) und einer der größten Dichter unſeres Jahrhunderts
76 839 1440 913 ſagt: „Das eigentliche, einzige und tiefſte Thema der Welt⸗ und Menſchengeſchichte,
76 880 1442 961 dem alle übrigen untergeordnet ſind, bleibt der Conflikt des Unglaubens und
76 930 1440 1015 Glaubens. Alle Epochen, in welchen der Glaube herrſcht, unter welcher Geſtalt er
76 996 1437 1078 auch wolle, ſind glänzend, herzerhebend und fruchtbar für Mitwelt und Nachwelt.
76 1046 1440 1131 Alle Epochen dagegen, in welchen der Unglaube, in welcher Form es ſei, einen
73 1098 1440 1176 kümmerlichen Sieg behauptet, und wenn ſie auch einen Augenblick mit einem
76 1150 1437 1228 Scheinglanze prahlen ſollten, verſchwinden vor der Nachwelt, weil ſich Niemand
71 1207 1440 1283 gern mit Erkenntniß des Unfruchtbaren abquälen mag.“**) Das Chriſtenthum
73 1257 1437 1335 iſt der Herzſchlag in der Lebens⸗Bewegung und Lebens⸗Entwickelung der
76 1307 1440 1387 Menſchheit; darum giebt es keine Seite des menſchlichen und des menſchheit⸗
76 1359 1440 1472 lichen Lebens, die nicht vom Herzpunkte des Chriſtenthums aus ihre richtigſte
69 1413 959 1492 Beleuchtung, ihre tiefſte Bewährung finden müßte.
160 1465 1437 1550 So iſt es auch in unſerer Zeit; darauf hin deuten ihre Zeichen. Der
71 1522 1435 1607 große Kampf, der eben erſt die europäiſchen Völker in Athem geſetzt, der auf
71 1579 1435 1659 den Schlachtfeldern von Magenta und Solferino blutige Denkmäler zurück⸗
71 1622 1440 1711 gelaſſen hat, der leider noch nicht ausgekämpft ſcheint, iſt im innerſten Grunde
71 1676 1440 1768 nicht ein Kampf um äußere Machtverhältniſſe, ſondern um das tiefſte
73 1731 1437 1818 Thema der Weltgeſchichte. Es iſt Glaube und Unglaube, Wahrheit und
73 1785 1437 1881 Schein, ſittliche Freiheit und ſittliche Knechtſchaft, um die es ſich gegenwärtig
71 1840 1437 1924 handelt. Kein Glaube auf der einen Seite — an die beſelig'nde Kraft des
73 1892 1440 1987 Evangeliums, an die Gerechtigkeit des ewigen Gottes, an den Beruf der
69 1953 1440 2042 Völker zu ſittlicher Selbſtverantwortlichkeit und Heiligung, und wirklicher
73 2000 1440 2094 Glaube auf der andern, daß Gottes Verheißungen Ja und Amen ſind, daß
71 2055 1440 2140 das Licht die Finſterniß überwinden, daß aus den Todtengebeinen ſcheinbar
71 2116 1440 2205 erſtorbener Nationen noch eine Saat des Lebens aufgehen wird: das ſind die
71 2168 1357 2292 abſtoßenden und anziehenden Kräfte, welche gegenwärtig die Zeit bewegen.
152 2298 759 2372 *) Joh. Müller, Allg. Geſchichte I, 460.
130 2340 894 2433 **) Weſtöſtlicher Divan. Sämmtl. Werte IV, 264.
