1420 2340
651 3 717 66 17
56 105 1326 163 Staat vor den Kopf ſtoßen? Den geſammten deutſchen Epiſkopat,
56 152 1328 218 hinter welchem die unermeßliche Mehrheit der Katholiken, gerade mit
48 208 1330 278 die edelſten, loyalſten und tugendhafteſten Bürger, als enggeſchloſſene
58 271 1330 333 Phalanx ſteht. Keine Bewegung im öffentlichen Leben der Gegenwart
52 323 1330 393 iſt großartiger, inniger und nachhaltiger, als die katholiſche. Sie hat
54 382 1330 446 den Erdball erfaßt; und im niedergeworfenen Frankreich denkt eben eine
56 440 1330 503 große Partei daran, die lange verſchmähte Fahne des großen Conſtantin
54 499 1332 565 gegen das moderne Heidenthum in die Hand zu nehmen und im Geiſte
56 557 1330 622 Karls des Großen und des hl. Ludwig voranzugehen. Nur ein poli⸗
54 618 1330 682 tiſcher Stümper könnte in der jetzigen Zeit durch ſtaatskirchliche Mani⸗
58 668 1332 731 pulationen das Glück des deutſchen Reiches ſtören, und die heilig garan⸗
58 725 1332 783 tirte Gewiſſens⸗ und Cultusfreiheit der anerkannten Confeſſionen nieder⸗
58 778 1332 850 treten. Was hätte der Staat zu gewärtigen? Den Kampf gegen
56 836 1332 912 die kirchliche Auctorität, auf welcher ſeine eigene beruht; eine endloſe
58 891 1330 963 Reihe von Strafmaßregeln und ſchließlich einen ſchimpflichen Rückzug
56 953 1332 1021 zum ungeheuren eigenen Schaden. Die kirchenfeindlichen Mächte rütteln
58 1004 1332 1080 längſt auch an der Monarchie, und wahrlich, es iſt ihnen ſeit drei
56 1072 1332 1132 Jahrzehnten mehr gelungen, als uns lieb iſt. Jeder innere Zwieſpalt
58 1119 1332 1187 Deutſchlands, und ein religiöſer wäre der gefährlichſte, würde Waſſer
58 1185 1334 1242 auf die Mühle der Revolution liefern. Und bekämen wir denn die
60 1242 1334 1298 religiöſe Einigung? Als Kaiſer Heraklius die katholiſchen und mono⸗
56 1300 1336 1363 phyſitiſchen Unterthanen ſeines Reiches vereinigen wollte, ſchuf er nur
58 1347 1336 1413 eine neue Secte, die Monotheleten; die Katholiken und Monophyſiten
58 1404 998 1474 aber blieben getrennt. Ebenſo ginge es jetzt wieder.
148 1464 1334 1530 Unſer Vaterland hat im letzten Jahre zwei ehemals deutſche Pro⸗
62 1528 1336 1593 vinzen mit vorherrſchend katholiſcher Bevölkerung, Elſaß und Deutſch⸗
64 1573 1338 1645 Lothringen, wieder gewonnen und will ſie daran gewöhnen, ſich mit
62 1634 1338 1708 uns als deutſche Brüder zu fühlen. Welche Thorheit wäre es, den
64 1686 1340 1762 katholiſchen Gewiſſen Gewalt anzuthun und die kürzlich Gewonnenen
58 1751 538 1819 auf immer zu entfremden!
157 1807 1340 1877 Als die Rongerei in Deutſchland gährte, war die Bewegung der
68 1870 1336 1928 Geiſter viel größer, das katholiſche Bewußtſein weit ſchwächer, als jetzt.
66 1918 1338 1985 Damals trat dasſelbe Anerbieten an den Staat heran, das man eben
68 1975 1338 2049 wieder gemacht hat. Die Staatsgewalten verharrten in kluger Zurück⸗
66 2031 1340 2107 haltung, und unterdeſſen ging die neue Lehre im religiöſen Nihilismus
68 2100 1191 2164 unter. Das gleiche Schickſal wird den Janusſchwindel treffen.
154 2152 1341 2217 Wir freuen uns daher, conſtatiren zu können, daß die deutſchen
72 2201 1341 2283 Staaten, wenn nicht alle Anzeichen trügen, mit jedem Tage ſich klarer
107 2252 347 2324 Stimmen. I. 1.
1100 2277 1127 2314 2
