1420 2340
659 1 717 83 19
152 132 563 198 „Altkatholiſcher“ Urtext.
118 204 670 255 Gegenüber den amtlichen Maßregeln
739 210 1326 257 Gegenüber den herrlichen „Hirtenworten
54 245 670 300 und Kundgebungen der deutſchen Biſchöfe
702 249 1324 300 der Erzbiſchöfe und Biſchöfe Deutſchlands
52 296 670 347 zu Gunſten der vaticaniſchen Decrete er⸗
704 284 1326 345 über das Vaticaniſche Concil“, erachten es
52 335 669 388 achten es die Unterzeichneten für nothwen⸗
706 333 1326 397 die unterzeichneten, ehemals katholiſchen
52 388 670 440 dig durch folgende Erklärung ihren Stand⸗
708 384 1326 438 Profeſſoren u. ſ. w. für nothwendig, durch
54 425 670 477 punkt zu wahren und ſo viel an ihnen
710 427 1328 479 folgende Erklärung ihren antikatholiſchen
52 462 672 528 liegt der hereinbrechenden Verwirrung der
708 466 1328 524 Standpunkt zu conſtatiren und einen, ſo⸗
52 505 444 583 Gewiſſen entgegenzutreten.
708 505 1328 565 viel an ihnen liegt, Allen verſtändlichen
708 547 1334 618 Beweis ihres offenen Abfalls von der Kirche
708 598 860 659 zu geben.
95 661 676 715 1) Treu der unverbrüchlichen und auch
747 663 1332 707 1) Treu dem unverbrüchlich von allen
56 698 676 760 von Papſt und Biſchöfen nicht beſtrittenen
710 700 1332 750 Häretikern und Schismatikern beobachteten
62 739 676 801 Pflicht jedes katholiſchen Chriſten, am alten
710 746 1334 801 Prinzip, ihre Privatmeinung feſtzuhalten
58 785 676 848 Glauben feſtzuhalten und jede Neuerung,
711 785 1334 848 und jede nicht genehme Wahrheit, würde
58 830 676 887 würde ſie auch von einem Engel des Him⸗
715 840 1334 887 ſie auch von dem unfehlbaren Lehramt ver⸗
60 881 678 930 mels verkündet, abzuweiſen, beharren wir
713 879 1334 932 kündet, unter dem Vorwand der Neuerung
58 916 674 975 in der Verwerfung der vaticaniſchen Dog⸗
715 928 1334 976 zurückzuweiſen, beharren wir in der Verwer⸗
60 965 678 1021 men. Es iſt bisher nicht Lehre der Kirche
715 973 1334 1023 fung der Vatikaniſchen Decrete. Es iſt bis⸗
60 1010 678 1070 und nicht katholiſcher Glaube geweſen,
711 1008 1334 1068 her ſtets, zwar nicht ausdrücklich definirte,
60 1051 678 1111 daß jeder Chriſt an dem Papſte einen un⸗
713 1056 1338 1113 aber ganz allgemein angenommene Lehre der
60 1103 678 1164 umſchränkten Oberherrn und Gebieter habe,
711 1101 1338 1156 Kirche geweſen, wie mehrere von uns
62 1146 680 1197 welchem er direct und unmittelbar unter⸗
715 1144 1340 1201 früher bewieſen haben ¹, daß jeder Katholik
64 1185 682 1251 worfen iſt, und dem er, bei Strafe zeit⸗
715 1187 1338 1242 dem Papſte in deſſen Glaubensentſchei⸗
62 1228 684 1288 licher und ewiger Verdammniß, in allem
715 1234 1340 1287 dungen unterworfen iſt und demſelben bei
64 1281 684 1337 was ſeinen religiöſen Glauben ſowie ſein
721 1281 1343 1333 Strafe ewiger Verdammniß in Allem, was
66 1316 686 1378 ſittliches Thun und Laſſen betrifft, unbe⸗
717 1322 1340 1376 den Glauben und die Sitten betrifft, ge⸗
66 1365 688 1429 dingt gehorchen muß — ihm oder ſeinen
717 1366 1340 1425 horchen muß. Deßgleichen iſt es bisher,
62 1409 688 1470 Sendboten und Bevollmächtigten. Deß⸗
719 1407 1341 1468 wie einige von uns ebenfalls nachgewieſen,
66 1456 690 1515 gleichen iſt es bisher notoriſch nicht Lehre
721 1458 1343 1515 notoriſch Lehre der Kirche geweſen, daß dem
66 1499 688 1556 der Kirche geweſen, daß einem Menſchen,
725 1505 1343 1556 jedesmaligen Papſte für ſeine Glaubens⸗
68 1540 690 1599 dem jedesmaligen Papſt, in ſeinen an die
725 1550 1343 1602 entſcheidungen die Gabe der Unfehlbarkeit
68 1579 692 1645 Kirche gerichteten Ausſprüchen über den
723 1589 1343 1641 verheißen und verliehen iſt. Dieſe Sätze
70 1626 694 1686 Glauben, über die Pflichten und Rechte
727 1630 1347 1692 ſind zwar ſeit dem fünfzehnten Jahrhundert
70 1669 694 1735 der Menſchen die Gabe der Unfehlbarkeit
725 1684 1345 1731 von Gallikanern und einigen Hoftheo⸗
72 1716 692 1782 verliehen ſei. Dieſe Sätze ſind vielmehr
729 1727 1347 1778 logen angegriffen und in neuer Zeit vom
74 1758 694 1819 bis jetzt bloße, wenn auch von Rom ſehr
725 1766 1347 1819 Liberalismus aller Schattirungen mit allen
74 1803 692 1868 begünſtigte und mit allen Herrſchermitteln
727 1813 1349 1870 unredlichen Mitteln bekämpft, aber von allen
72 1846 692 1914 beſchützte Schulmeinungen geweſen, welche
74 1893 694 1957 die angeſehenſten Theologen, ohne ſich
727 1858 1349 1909 angeſehenen Theologen aller Länder und
74 1934 696 2002 einem Tadel auszuſetzen, bekämpft und
729 1901 1349 1957 Zeiten feſtgehalten und vertheidigt worden.
721 1936 1351 1998 Es iſt ja bekannt — und wenn wir es
76 1981 696 2055 verworfen haben. Es iſt bekannt — und
725 1981 1351 2049 nicht wiſſen, ſo ſollten wir es doch wiſſen
819 132 1211 198 Katholiſche Ueberſetzung.
161 2131 1355 2182 ¹ Vgl. v. Döllinger Kirchengeſch. 2. Aufl. I. S. 177 ff. v. Schulte, Syſtem
81 2170 1351 2226 des Kirchenr. S. 184, 190 u. ſ. w. Quellen S. 85 und überhaupt Scheeben, Period.
81 2211 866 2277 Blätter I. S. 305 ff. und deſſen Neue Erwägungen.
1105 2281 1143 2316 2*
