1419 2340
398 120 1016 195 Inhalt des erſten Bandes.
1266 239 1352 300 Seite
74 269 1225 327 Deutſche Nationalkirche. (Pachtler, S. J.) . . . . . . .
1317 271 1350 331 1
78 313 1229 364 Eine „altkatholiſche“ Erklärung mit katholiſcher Überſetzung und erläuternden
183 341 724 391 Anmerkungen. (R. Cornely, S. J.)
1299 329 1344 390 18
76 368 1223 425 Die Kataſtrophe von Paris als äußerſte Folge des Liberalismus. (Pachtler, S. J.),
1303 374 1348 429 31
76 415 1219 469 Das Jubiläum des heiligen Vaters am 16. Juni 1871. (A. Schmitz, S. J.)
1305 413 1346 462 44
74 446 1227 499 Romanismus und Germanismus. (N. Bauer, S. J.) . . . .
1301 448 1346 497 95
76 483 1151 540 Das „Princip“ der Nicht⸗Intervention. I. II. (Pachtler, S. J.) .
1196 477 1350 532 107. 196
76 516 1155 577 Ecuador. I. II. (G. Schneemann, S. J.) . . . . .
1202 516 1348 571 121. 207
44 549 1225 614 Die Arbeiterfrage und die chriſtlich ⸗ethiſchen Socialprincipien. I. II. III.
181 594 1071 649 (Th. Meyer, S. J.) . . . . . . .
1114 588 1346 643 131. 292. 498
78 620 1233 682 Die römiſch⸗deutſche Frage. (Fl. Rieß, S. J.) . . . . . .
1284 624 1342 670 177
80 663 1225 711 Zur Geſchichte der Internationale. (Pachtler, S. J.) . . . . .
1276 661 1352 727 224
76 696 1225 750 Die Reſolutionen des Münchener Proteſtkatholiken⸗Congreſſes. Offener Brief
183 741 1225 787 an das Redactions⸗Comité der Verſammlung. (R. Cornely, S. J.) .
1274 727 1346 785 273
78 766 1221 817 Die geographiſche Ausbreitung der Internationale. (Pachtler, S. J.) . .
1280 768 1350 822 304
72 807 1223 859 Über die verbindende Kraft des Gewohnheitsrechtes. Randgloſſen zu einem
181 840 1227 897 modernen kirchenrechtlichen Lehrſatz. (L. v. Hammerſtein, S. J.) .
1278 824 1350 887 319
74 871 1217 924 Das große abendländiſche Schisma. (R. Bauer, S. J.) . . . .
1280 873 1346 922 332
76 912 1219 965 Der Cultusminiſter von Bayern und das Placet. (G. Schneemann, S. J.)
1280 908 1342 959 357
78 943 1231 1004 Was iſt die Utrechter Kirche? (R. Bauer, S. J.) . . . . .
1276 941 1346 994 376
76 976 1221 1029 Rom und die Anfänge Deutſchlands. I. (Fl. Rieß, S. J.) . . .
1278 978 1344 1029 394
78 1015 1221 1072 Der Darwinismus und die Sprachwiſſenſchaft. I. (J. Knabenbauer, S. J.)
1278 1010 1346 1062 405
74 1051 1223 1109 Der Gehorſam in der Geſellſchaft Jeſu. (R. Cornely, S. J.) . . .
1278 1045 1346 1101 453
76 1086 1219 1138 Indiſches. I. (Frid. Piscalar, S. J.) . . . . . . .
1282 1090 1348 1136 466
74 1117 1225 1179 Geſchichte der Auflehnung gegen die päpſtliche Auctorität. II. Gregor XII.
189 1164 1227 1209 und das Piſaner Concil. (R. Bauer, S. J.) . . . . .
1276 1154 1350 1220 479
70 1187 1245 1255 Iſt die lehramtliche Unfehlbarkeit des Papſtes eine Gefahr für die Staaten?
179 1234 1235 1288 (Pachtler, S. J.) . . . . . . . . . .
1282 1230 1352 1298 511
540 1292 890 1347 Kirchliche Actenſtücke.
72 1335 1245 1409 Encyclika des heiligen Vaters vom 15. Mai 1871. (Proteſt gegen das
181 1382 1239 1439 piemonteſiſche Garantieengeſetz.) . . . . . . .
1296 1374 1348 1433 69
76 1421 1227 1482 Encyclika des heiligen Vaters vom 4. Juni. (Für die Jubiläumsfeier am
187 1452 1225 1513 16. Juni 1871.) . . . . . . . . . .
1297 1437 1348 1505 79
72 1485 1231 1554 Hirtenbrief des Herrn Biſchofs von Ermland an die Prieſter und Gläubigen
185 1522 1233 1579 ſeiner Diöceſe . . . . . . . . . . .
1288 1524 1348 1575 163
72 1558 1225 1622 Allocution des heiligen Vaters an die Cardinäle vom 27. October 1871 .
612 1628 821 1684 Recenſionen.
74 1659 1221 1731 Auffallendes und Unrichtiges bei einem Autor oder ſeinem Recenſenten (W.
187 1712 1143 1760 Wilmers, S. J.) . . . . . . . . .
1278 1717 1348 1764 244
81 1745 1184 1797 Dr. R. Grundemann, allgemeiner Miſſionsatlas. (Schneemann, S. J.)
1216 1749 1350 1819 54. 436
74 1786 1229 1836 Dr. Joſeph Langen, das Vaticaniſche Dogma von dem Univerſalepiſcopat
187 1829 1225 1872 und der Unfehlbarkeit des Papſtes in ſeinem Verhältniß zum Neuen
181 1852 1221 1905 Teſtament und der patriſtiſchen Exegeſe. (R. Cornely, S. J.) . .
1296 1866 1354 1912 60
74 1885 1225 1948 R. Baumſtark, der erſte deutſche Reichstag und die Intereſſen der katholiſchen
1297 1918 1350 1979 67
183 1930 1231 1981 Kirche. (Pachtler, S. J.) . . . . . . . . .
72 1965 1225 2012 Dr. J. Berchtold, die Unvereinbarkeit der neuen päpſtlichen Glaubensdecrete
1282 1990 1352 2053 139
185 1998 1216 2049 mit der bayeriſchen Staatsverfaſſung. (v. Hammerſtein, S. J.) .
74 2037 1219 2086 Dr. H. Contzen, zur Würdigung des Mittelalters, mit beſonderer Beziehung
191 2076 1223 2127 auf die Staatslehre des hl. Thomas von Aquino. (Th. Meyer, S. J.)
1282 2051 1348 2117 147
78 2100 1233 2162 Acta et decreta SS. et oecumenici Concilii Vaticani etc. . . .
1284 2104 1350 2158 149
74 2145 1227 2193 G. Schneemann, die Canones und Beſchlüſſe des hochheiligen ökumeniſchen
181 2174 1235 2228 und allgemeinen Vaticaniſchen Concils. (R. Cornely, S. J.) . .
1284 2162 1348 2230 149
70 2213 1225 2277 Das neue deutſche Reich, vom Verfaſſer der Rundſchauen. (Th. Meyer, S. J.)
1290 2224 1352 2256 253
1286 1560 1352 1616 419
