1420 2339
698 1 745 77 IV
1283 116 1365 177 Seite
85 150 1254 202 Dr. J. Feßler, das Vaticaniſche Concilium, deſſen äußere Bedeutung und
200 181 1230 231 innerer Verlauf. (G. Schneemann, S. J.) . . . .
1289 173 1359 235 261
89 220 1238 276 R. Baumſtark, Don Francisco de Quevedo. Ein ſpaniſches Lebensbild aus
198 257 1166 302 dem 17. Jahrhundert. (Pachtler, S. J.) . . . . .
1289 237 1363 311 345
89 288 1238 346 Dr. H. Contzen, die ſociale Frage, ihre Geſchichte und ihre Bedeutung in der
206 327 1240 376 Gegenwart. (Th. Mever, S. J.) . . . . . . .
1289 307 1361 382 424
87 362 1236 421 (F. J. Holzwarth, der Abfall der Niederlande. Bd. I. und II. 1. Abth.
198 399 1238 448 (Fr. X. Kurte, S. J.) . . . . . . . . .
1295 393 1363 446 428
93 432 1238 489 Dr. P. Hinſchius, die Stellung der deutſchen Staatsregierungen gegenüber
195 467 1240 520 den Beſchlüſſen des Vaticaniſchen Concils. (L. v. Hammerſtein, S. J.)
1289 461 1363 516 522
317 520 1129 584 Rundſchau zur kirchlichen Lage. (A. Schmitz, S. J.)
89 567 1238 627 Juli: Rom: Zuſtände. Deutſchland: Die kirchenfeindliche Preſſe. Bayern:
200 613 1238 664 Die antikirchliche Strömung. Baden: Mildere Verhältniſſe. Öſterreich:
197 652 1240 701 Die Petition der Biſchöfe; das Princip der Nicht⸗Intervention.
200 686 1240 734 Spanien: Agitation der Liberalen gegen die Kirche. Vereinigte Staaten
200 719 1238 773 Nordamerikas: 16. Generalverſammlung des kathol. Central⸗Vereins;
204 762 1197 803 Entchriſtlichung der Jugend . . . . . . .
1248 746 1359 803 86—91
89 789 1240 840 Auguſt: Preußen: Dr. Wollmann; Dr. Hanne; Aufhebung der katholiſchen
198 830 1238 877 Abtheilung im Cultusminiſterium. Bayern: Die Janus⸗Gläubigen;
200 863 1240 914 Proteſt Münchener Theologen; Rectorwahl der Univerſität München;
198 898 1238 951 die Meringer Sache. Schweiz: Knechtung der katholiſchen Kirche.
198 929 1240 980 Frankreich: Petitionen der Biſchöfe wegen Unabhängigkeit des römiſchen
198 964 1240 1015 Stuhles. Öſterreich: Petition des Volksvereins in Bozen; Rectorwahl
200 1005 1242 1052 der Wiener Univerſität; aus dem Abgeordnetenhaus; die katholiſche
198 1042 1240 1089 Partei; die „Unita Italia“: Kundgebungen zu Gunſten des heiligen
206 1072 1357 1126 Vaters . . . . . . . . . . . 151—162
95 1105 1246 1159 September: Die Neuproteſtanten. Militär⸗ Kirchenordnung. Religiöſer
198 1148 1240 1192 Charakter der Schulen. Das Placetum in Bayern. Katholiſche Be⸗
200 1179 1246 1231 wegung in Öſterreich. Sieg der Proteſtanten im Aargau. Nachrichten
204 1212 1361 1268 aus Rom . . . . . . . . . . 263—271
87 1247 1242 1300 [October: Katholiſche Verſammlungen. Congreß der Neuproteſtanten. Wei⸗
220 1288 1367 1335 tere Schritte der Biſchöfe . . . . . . . 347—352
95 1319 1246 1368 November: Die Interpellation Herz und deren Beantwortung. Verfahren
198 1360 1246 1411 deutſcher Magiſtrate in kirchlichen Angelegenheiten. Katholiſche De⸗
200 1395 1244 1448 monſtrationen. Katholiſche Antwort auf den Darmſtädter Prote⸗
210 1426 1365 1479 ſtantentag . . . . . . . . . . 437—447
97 1459 1244 1514 December: Die Adreſſe der Biſchöfe Preußens und die Adreſſe des elſäſſi⸗
204 1500 1246 1549 ſchen Geſammt⸗Klerus. Das neue Strafgeſetz wider die Geiſtlichen.
206 1535 1248 1584 Ruſſiſche Bekehrungsverſuche. Die Miſſion Franchi's. Die katholiſche
200 1571 1363 1627 Bewegung in Deutſchland . . . . . . . 533–541
645 1637 819 1686 Miscellen.
167 1680 1371 1730 Die päpſtlichen Zuaven S. 92. Fürſorge für katholiſche deutſche Auswanderer in
97 1719 1371 1771 Nordamerika S. 93. Die deutſchen Katholiken in Braſilien S. 94. Berufung von
95 1756 1369 1801 [Profeſſoren nach Ecuador S. 94. Einladung zur 21. Generalverſammlung der ka⸗
95 1783 1369 1840 tholiſchen Vereine Deutſchlands S. 172. Aus Rom: Drohungen. Zwei Todesfälle S. 172.
99 1826 1369 1873 Proteſtkatholiſche Stilproben S. 173. „Wo ſoll das hinaus?“ von Cramer S. 272.
99 1859 1371 1908 Döllinger und das Quemadmodum etiam S. 272. Eine wunderbare Gebetserhörung
95 1888 1371 1941 am Jubelfeſte Pius' IX. S. 353. Chronolegiſches Curioſum S. 354. Verhältniſſe
97 1933 1369 1982 der Katholiken in Melbourne S. 354. Katholicismus in Südamerika S. 355.
95 1964 1371 2013 Literariſches: Die Verfaſſung der Kirche, von Grundkötter S. 355. Todtenzettel eines
99 1997 1371 2050 Proteſtkatholiken S. 355. Wiesbadener Komödie vom 31. October S. 447. Zur
95 2034 1367 2087 Beachtung für den Proteſtantenverein S. 449. Die „Alte und Neue Welt“ S. 450.
95 2066 1371 2118 Die Schulfrage in Irland S. 451. Die Internationale S. 452. Zur liberalen Bil⸗
93 2107 1371 2159 dung S. 542. „Eine Miniſterantwort im Lichte der Wahrheit“ S. 545. Trau,
103 2142 1367 2192 ſchau, wem? S. 545. „Unſere liebe Frau von Lourdes“ S. 546. Der Brand von
97 2173 1375 2251 Chicago und die Internationale S. 547. Dr. Weber und der Gehorſam der Jeſuiten
97 2214 226 2268 S. 548.
