1419 2340
712 19 751 66 2
91 109 1368 163 beiden Haupt⸗Confeſſionen Deutſchlands, der katholiſchen und proteſtan⸗
97 163 1368 228 tiſchen, zu einer gemeinſamen deutſchen Nationalkirche eingenommen
95 212 1364 278 waren. Insbeſondere meinte König Max II. von Bayern, bei ſeinem
91 267 1364 341 (Enthuſiasmus für die Wiſſenſchaft, in der Kirchengeſchichte das
95 337 1366 395 gründliche Heilmittel für die religiöſe Spaltung gefunden zu haben,
91 380 1366 448 uund hatte den Stiftsprobſt Döllinger vollſtändig für ſeinen Plan ge⸗
87 436 1368 508 wonnen. „Dem Könige erſchien“, ſagt der Letztgenannte, „das Gebiet
93 493 1368 563 der geſchichtlichen Wiſſenſchaft wie der Gottesfriede im Mittelalter, oder
87 549 1366 620 wie eine geweihte Stätte, auf welcher die ſonſt religids
89 610 1368 670 (Getrennten ſich zuſammenfinden, einträchtig mit einander for⸗
91 663 1362 727 ſchen und wirken könnten, wo Alle . . . zu einer Gemeinſchaft zuſammen⸗
89 723 1368 797 wüchſen; und aus dieſer Gemeinſchaft, aus dieſem wiſſenſchaft⸗
91 781 1366 844 lichen Bruderbunde, werde einſt, ſo hoffte er, wenn ... die con⸗
93 840 1368 902 feſſionelle Eisrinde aufthauen und zerfließen werde, eine noch höhere,
89 891 1366 959 das ganze Gebiet geſchichtlicher, und alſo auch religiöſer Wahrheit
91 959 1364 1021 umfaſſende Einheit und eine Verſöhnung hervorgehen,
89 1008 1134 1076 wie der Patriot und der Chriſt ſie wünſche und erflehe. 22
177 1062 1366 1127 Der Plan iſt deutlich. Die freie, jedem Individuum anheimge⸗
85 1119 1364 1185 gebene Forſchung in Religionsſachen, wie wir ſie im Proteſtantismus
91 1177 1366 1244 finden, iſt zu vag, zu ochlokratiſch; die in monarchiſcher Spitze gipfelnde
91 1234 1366 1300 lehrende Kirche des Katholiken zu ſtramm in ſich geſchloſſen; das höhere
87 1290 1366 1368 Dritte iſt die freie Forſchung der Prieſter der Wiſſenſchaft,
169 1404 1368 1466 Hiſt.⸗pol. Blätter, 1871, 1. Maiheft, S. 696. Die Abhandlung der genannten
95 1450 1366 1509 Blätter ſchlug wie eine Bombe in's ſeindliche Lager. Schon unter dem 8. Mai bringt
89 1499 1368 1558 ddie A. A. Z. eine Correſpondenz aus München, welche, nach dem Periodenſtil zu
93 1542 1366 1604 ſchließen, aus Döllingers Feder ſtammt und beiheuert, daß die proteſtkatholiſche Be⸗
91 1587 1366 1643 wegung, „wie ſie dermalen in München, wenigſtens was die Leitung betrifft, noch
91 1626 1366 1692 beſchaffen iſt, keine liberale, ſondern eine eminent conſervative“ ſei. — Döllinger
85 1667 630 1735 täuſcht die Katholiken nicht mehr.
171 1712 1366 1770 * Hiſt.⸗pol. Bl. a. a. O., S. 698. Zum Beweiſe, daß der ſeit Wochen enthüllte
93 1764 1364 1817 Döllinger ſich auch ſelbſt nicht mehr verhüllt, diene nachträglich folgende von der
89 1803 1364 1868 Köln. Z. (21. Juni) aus der Berliner Nationalzeitung entnommene Notiz. Döllinger
93 1852 1366 1905 ſagt in einem Dankſchreiben an die Marburger Juriſtenfacultät, die ihm das Doctor⸗
93 1899 1364 1950 diplom verliehen, Folgendes: „Wir Deutſchen können und wollen doch nicht der Hoff⸗
91 1944 1364 1992 nung entſagen, daß zu der glücklich erlangten ſtaatlichen Union auch einmal die reli⸗
91 1992 1366 2039 giöſe ſich geſelle, daß die vor 300 Jahren unvermeidlich (!) gewordene Trennung in
91 2026 1366 2088 einer wenn auch jetzt noch entfernten Zukunft zu höherer, reinerer (!) Einheit ſich
93 2076 1364 2131 wieder zuſammenſchließe. Wird mir die hochverehrte Facultät wohl geſtatten, daß ich,
93 2117 1364 2176 won der Sehnſucht nach ſolchem Ziele erfüllt, die hohe Ehre, die ſie mir erwieſen hat,
91 2156 1364 2224 zugleich auch als eine glückverheißende Vorbedeutung eines künftigen Geiſtesfriedens
91 2205 753 2283 Pegrüße und auch darum mich ihrer freue“
