1419 2340
411 364 973 454 Deutſche Nationalkirche.
142 485 1333 561 So lange der Titanenkampf der zwei mächtigſten Völker Europas
56 547 1335 624 die franzöſiſche Erde mit Strömen von Menſchenblut tränkte, ruhte in
54 604 1327 678 den Gauen Deutſchlands jeder innere Zwiſt; faſt wollte es ſcheinen
56 663 1327 725 daß endlich einmal ein Engel des Friedens ſeine Saat ausſtreue, und
56 721 1335 793 daß die daraus ſproſſenden Früchte dem haderreichen Deutſchland zum
60 780 872 846 frohen inneren Gedeihen ausſchlagen würden.
148 838 1337 898 Selbſt der tiefſte Riß, welcher die deutſche Nation ſpaltet, der re⸗
60 893 1338 955 ligiöſe, ſchien ausgefüllt zu ſein. Katholiken wie Proteſtanten fühlten
60 947 1337 1014 ſich, wie ſie brüderlich neben einander in den Schlachten geſtanden, ſo
56 1012 1337 1078 auch als Brüder im lieblichen Frühroth der wiederaufgegangenen Sonne
54 1060 587 1131 des Reiches deutſcher Nation.
146 1119 1338 1189 Aber die freudige Hoffnung der deutſchen Katholiken auf ſchöne
60 1185 1337 1246 Tage auch für ſie und ihre Kirche wurde durch eine trübe Wolke am
62 1230 1337 1298 politiſchen Horizonte geſtört. Wetterkundige hatten dieſelbe ſeit Mona⸗
62 1290 1338 1363 ten vorausgeſehen und konnten darum den allgemeinen Jubel nicht
60 1345 1337 1421 theilen; wie einſt Kaſſandra trauerte, als Ilion in Wonne ſchwamm.
152 1400 1338 1476 Und dieſe trübe Wolke iſt — das Phantom einer deutſchen
60 1460 400 1522 Nationalkirche.
150 1511 1340 1585 Den Gedanken an eine ſolche hatten gewiſſe deutſche Staatsmänner
62 1575 1338 1645 ſeit Anfang dieſes Jahrhunderts nie vollſtändig und aufrichtig aufge⸗
60 1630 1338 1704 geben. Noch Anfangs der vierziger Jahre ſagte der Cultusminiſter
64 1686 1340 1753 eines ſüddeutſchen Staates zu dem Redacteur eines ultraliberalen ka⸗
64 1753 1342 1809 tholiſchen Blattes: „Auch wir wollen eine einzige Landeskirche; nur
64 1803 1342 1870 geht ihr Herrn viel zu ſchnell voran, ſolche Dinge müſſen langſam
68 1856 1344 1922 eingeleitet und in der Geiſterwelt allmälig vorbereitet werden.“ Die
66 1916 1342 1981 maßloſe bureaukratiſche Bevormundung der katholiſchen Kirche an vielen
58 1971 1340 2041 Orten Deutſchlands hängt weſentlich mit dem genannten Plane zuſam⸗
66 2031 1344 2104 men. In neuerer Zeit waren es vorzüglich der gegen die Katholiken
66 2086 1344 2160 im Uebrigen ſo wohlgeſinnte König Friedrich Wilhelm IV. von Preußen
66 2146 1344 2228 und König Max II. von Bayern, welche für eine Vereinigung der
113 2197 347 2265 Stimmen. I. 1.
