1419 2340
675 7 710 54 5
60 97 1335 163 Monate 1871! Und dennoch, ſcheint es, ſind ſich die regierenden Kreiſe
54 146 1333 212 noch nicht überall klar geworden, noch überſchätzen ſie die Macht der
60 212 1331 273 Proteſtkatholiken, und glauben, durch ſie einen alten Lieblingsplan der
60 263 661 327 Verwirklichung näher zu bringen.
146 315 1331 388 Wohl benimmt ſich Oeſterreich loyal gegen die Kirche im vor⸗
58 374 1333 438 liegenden Falle, das Miniſterium Hohenwart hat wenigſtens bei ſeinem
60 429 1333 503 Amtsantritte verſprochen, der Kirche nach Kräften gerecht zu werden.
58 489 1338 559 Vielleicht dämmert ihm nachgerade die Einſicht, welches Unrecht ſeit
60 547 1333 616 1867 ſeinen katholiſchen Kernvölkern infolge der verzweifelnden Schwäche
58 612 1335 672 von oben angethan worden iſt durch eine Partei, welche aus ihrer
58 661 1333 731 Felonie kaum mehr ein Geheimniß macht. Preußen iſt klug; Bis⸗
54 721 1335 781 marcks Pläne haben einen vorläufigen Ruhepunkt gefunden, das deutſche
52 772 1329 838 Reich iſt gemacht, aber nicht fertig; der große Staatsmann will ſich
56 832 1329 900 ſeine Kreiſe nicht durch religiöſe Schwierigkeiten zerſtören laſſen. Daß
52 885 1331 957 es aber von Anfang an gegen eine etwaige Definition der Unfehlbar⸗
48 945 1329 1008 keit des ex cathedra ſprechenden Papſtes war, daraus hat es wenig⸗
58 1008 1333 1072 ſtens vor den Biſchöfen zu Fulda 1869 kein Hehl gemacht. Sein Cul⸗
50 1058 1333 1125 tusminiſter von Mühler hat in der vorliegenden Sache beſonders ein
50 1113 1329 1179 Lebenszeichen gegeben durch den Staatsſchutz, welchen er den proteſt⸗
52 1175 1329 1240 katholiſchen Religionslehrern an Gymnaſien ſchenkt, und folgerichtig durch
46 1226 1329 1300 eine weitere Verordnung, welche die Verkündigung biſchöflicher Erlaſſe
52 1285 1333 1351 vor den Gymnaſiaſten nur dann geſtattet, wenn das nagelneue Placet
52 1345 1329 1409 des Gymnaſialdirectors dazu gegeben iſt. Aber im Süden Deutſchlands
52 1404 1327 1460 iſt das eigentliche theologiſche Verſuchsfeld, das Königreich Bayern,
52 1462 1331 1519 welches ſeit einem Vierteljahrhunderte mit rührender Andacht dem mo⸗
52 1522 1331 1581 dernen Liberalismus dient. Schon während des Concils wanderte ein
56 1569 1329 1632 Guttheil des Materials zu den berüchtigten Concilsbriefen der Augs⸗
52 1628 1329 1700 burger Allgemeinen von Rom über einen gewiſſen Umweg nach München.
50 1684 1325 1747 So iſt auch gegenwärtig Bayern die anima vilis, in qua fit experi⸗
52 1739 1331 1805 mentum, wie weit eine deutſche Nationalkirche ſich ermögliche. Gebe
50 1803 1327 1872 Gott dem jugendlichen Könige dieſes ſchönen Landes das nöthige Licht,
50 1854 1327 1922 damit derſelbe ſich nicht in einen Kampf hineinziehen laſſe, in welchem
50 1912 1050 1981 er ſicher Nichts gewinnt, wohl aber nur verlieren kann.
132 1969 1327 2035 Es iſt unſere Aufgabe, die in München concentrirte nationalkirch⸗
52 2037 776 2088 liche Bewegung näher zu characteriſiren.
136 2082 1329 2150 Wie alle Häreſieen, ſo wirft ſich auch die proteſtkatholiſche vollkom⸗
50 2137 1325 2211 men in die Arme des Staates und weiß nicht Worte genug zu finden,
50 2191 1325 2279 um zu erklären, wie ſie den weltlichen Arm mit ihrem ganzen Herzen,
