1419 2340
704 16 728 56 7
74 95 1350 167 deutſchen Reichstags wäre, dieſe eminent wichtige Frage in den Bereich
78 148 1348 214 ſeiner Debatte zu ziehen, da ... die ruhige, befriedigende und ſegens⸗
74 214 1348 276 reiche Entwickelung der Verfaſſung des deutſchen Reichs durch eine
74 257 1342 335 energiſche Zurückweiſung der hierarchiſchen Anmaßungen bedingt iſt...
74 321 1346 393 Denn auch das nichtkatholiſche Deutſchland iſt höchlichſt dabei intereſſirt,
72 372 1348 452 daß dem ſtaatsgefährlichen Treiben der Römlinge ein Damm entgegen⸗
74 432 1348 512 geſtellt, ... und die begründete Beſorgniß einer Zurückführung in mit⸗
72 493 761 563 telalterliche Zuſtände gehoben werde.“ ¹
156 544 1346 622 Wir haben im Bisherigen die erſte Etappe der Nationalkirch⸗
72 600 1344 680 lichen: der Staat entziehe den Katholiken ſeinen Schutz
72 663 1344 739 und maßregle die Biſchöfe; Trennung von Rom iſt ſelbſt⸗
72 725 284 785 verſtändlich.
156 780 1342 846 Dieſe erſte, ihrer Tendenz nach rein negative Etappe führt noth⸗
68 842 1342 908 wendig zur zweiten hochcäſareopapiſtiſchen, welche in den Wor⸗
70 898 1342 963 ten gipfelt: „Dem Staate liegt ob, zur Beſeitigung der Spaltungen,
66 947 1344 1015 Verordnungen (sic) und Mißbräuche, welche durch die neue Lehre in der
66 1002 1344 1072 katholiſchen Kirche eingeriſſen ſind, zur Wiederherſtellung der
68 1058 1342 1129 Einigkeit und kirchlichen Ordnung unter ſeinem Schutz
62 1127 1344 1187 eine Kirchenverſammlung zu veranlaſſen.“ ² Allerliebſt! Da
66 1185 1342 1238 haben wir ja den leibhaftigen Kaiſer Conſtantius mitten im neunzehn⸗
66 1238 1344 1300 ten Jahrhundert, und in der Ferne lächelt uns ein herziges Aeffchen
70 1290 1344 1353 entgegen, eine königlich⸗bayeriſch⸗katholiſche Kirche, natür⸗
66 1345 1342 1419 lich mit der Ausſicht auf weitere geographiſche Annexionen im lieben
64 1400 1342 1472 deutſchen Vaterlande. Multa jam fiunt, fieri quae posse negabam.
152 1466 1342 1530 Jedoch die Todten reiten ſchnell. Wer wollte auf der Mittelſtufe
66 1517 1342 1585 ſtehen bleiben, wo die logiſche Conſequenz zu Weiterem drängt? Wer
64 1575 1342 1638 wollte den verachteten Namen „deutſch⸗katholiſch“ tragen, und nicht lieber
64 1628 1337 1702 von einer allgemein⸗chriſtlichen Nationalkirche Deutſchlands,
62 1690 1340 1758 der dritten Etappe unſerer Proteſt⸗Männer, hören? Schon im Janus
62 1749 1340 1823 war nicht blos die päpſtliche Unfehlbarkeit, ſondern der ganze Primat
134 1905 704 1959 ¹ A. A. Z., Beil. 4. Juni, S. 2780.
134 1946 1338 1998 ² A. A. Z., 28. Apr. 71, S. 2070. Der fallibiliſtiſche Correſpondent bezieht ſich
64 1985 1335 2047 hier auf das bayer. Edict vom 26. Mai 1818, § 56: „Auch iſt derſelbe (der Regent)
60 2035 1338 2092 befugt, wenn Er wahrnimmt, daß bei einer Kirchengeſellſchaft Spaltungen, Unord⸗
60 2086 1338 2133 nungen oder Mißbräuche eingeriſſen ſind, zur Wiederherſtellung der Einigkeit und
60 2123 1337 2180 kirchlichen Ordnung unter Seinem Schutze Kirchenverſammlungen zu veranlaſſen,
62 2166 1337 2223 ohne jedoch in Gegenſtände der Religionslehre Sich ſelbſt einzu⸗
62 2207 1227 2285 miſchen. Den letzten Beiſatz hat der Verfaſſer wohlweislich nicht angeführt.
