1420 2339
665 0 729 81 13
46 103 1326 169 dienſtes, c. der geiſtlichen Amtsführung, d. des religiöſen Volksunter⸗
48 161 1326 222 richts, e. der Kirchendisciplin u. ſ. w.“ Das Concordat zwiſchen dem
50 212 1326 284 hl. Stuhle und Bayern (5. Juni 1817), ebenfalls ein integrirender
50 267 1326 335 Theil der Verfaſſung, beſtimmt gleich im erſten Artikel, daß die katho⸗
48 323 1326 401 liſche, apoſtoliſche, römiſche Religion im ganzen Königreiche unver⸗
50 382 1326 448 ſehrt wird bewahrt werden mit jenen Rechten und Vor⸗
48 438 1328 506 rechten, welcher ſie nach Gottes Anordnung und den kano⸗
46 498 1328 565 niſchen Satzungen genießen muß.“ — Eine Nationalkirche nun
46 561 1326 623 widerſpricht dem Fundamentaldogma der katholiſchen Kirche, wodurch ſie
44 612 1324 680 eben die katholiſche wird. Katholiſch iſt ſie nur durch ihre bereits
50 676 1324 742 geſchehene oder künftig noch anzuſtrebende geographiſche Ausbrei⸗
46 723 1328 793 tung über den ganzen Erdball, und durch ihre Einheit, welch' letztere
44 785 1326 849 einzig durch ihre Unterordnung unter den römiſchen Mittelpunkt, den
42 836 1326 910 hl. Stuhl, ermöglicht wird. Das Nationalkirchenthum greift alſo den
48 892 1324 964 Glauben, das Gewiſſen des Katholiken an; die Verwirklichung des⸗
46 957 1326 1017 ſelben wäre ein Attentat auf die Gewiſſen ſelbſt, und könnte ohne blu⸗
44 1007 1326 1073 tige Verfolgungen wie zur Zeit der engliſchen Eliſabeth, und ohne
46 1070 1326 1136 Scenen wie in Ruſſiſch⸗Polen oder bei den unirten Ruthenen niemehr
46 1122 1324 1187 durchgeführt werden. Die katholiſche Kirche Deutſchlauds hat kein pre⸗
48 1190 1324 1243 cäres Daſein, ſie iſt die älteſte, iſt vielfach in älteren und neueren
42 1231 1324 1313 Zeiten feierlich ſichergeſtellt worden. Die proteſtantiſchen Fürſten haben
46 1294 1326 1356 bei der Säkulariſation die ausdrückliche Verpflichtung zum Schutze der
42 1354 1322 1420 katholiſchen Religion übernommen, ebenſo Preußen im Beſitzergreifungs⸗
46 1407 1324 1471 patente der Rheinprovinz. Eine deutſche Nationalkirche, mag ſie nun
48 1457 1324 1537 ſogenannt katholiſch oder allgemein⸗chriſtlich ſein, ſchließt in ſich den
50 1528 1326 1596 furchtbarſten Rechtsbruch, welchem nur durch eine Revolution von
46 1586 702 1647 oben Bahn gebrochen werden kann.
136 1631 1326 1701 Die Idee von einer deutſchen Nationalkirche iſt zweitens unver⸗
44 1687 1326 1760 nünftig. Die Religion iſt ihrer Natur nach Eine für die ganze
50 1744 1326 1814 Menſchheit. Wer dies läugnet, widerſtrebt den erſten Principien der
46 1806 1326 1875 Vernunft. Gott, Wahrheit, Sittengeſetz ſind nicht nach Staaten oder
48 1857 1326 1939 Nationen verſchieden. Auch verſchiedene deutſche Philoſophen, insbeſon⸗
46 1925 1326 1988 dere Kant ¹, haben es hervorgehoben; es bildet gerade den weſentlichen
52 1978 1326 2056 Unterſchied zwiſchen dem religiöſen und politiſchen Gebiete. Sodann
146 2112 1324 2177 Zum ewigen Frieden. Geſammtausg. 5. B. S. 443, in der Anm.
44 2155 1322 2223 Religion innerhalb der Gränzen der bl. Vern. Geſammtausg. 6. B. S. 337
48 2206 592 2284 (Leipz. 1838, Modes u. Baumann.)
