1419 2340
711 19 741 70 9
95 105 1370 163 ſchen Nationalkirche faßt anſcheinend in den Regierungskreiſen immer
93 156 1370 218 tiefere Wurzel.“ Unterdeſſen hat ſich der bayeriſche Cultusminiſter zu
97 214 1370 274 Berlin klarere Einſicht geholt und kehrte wohl mit beſtem Muthe von
93 267 1370 339 der Spree zur Iſar zurück; aber wie es ſcheint, kann er ſeine Amts⸗
95 323 1370 397 genoſſen nicht beſtimmen, mit ihm auf der ſchwindelnden Brücke über
95 380 1370 442 den Abgrund in den Avernus zu gehen. Darum beeilt man ſich die
93 440 1370 510 kürzlich als ſicher ausgegebene Botſchaft von Kündung des Concordats
97 497 1370 559 als gänzlich unbegründet zu dementiren, und zu klagen, daß man gerade
93 549 1370 625 die allerunwahrſcheinlichſten Dinge von München aus in die Preſſe
97 612 1368 672 bringe ¹. Offenbar ſchrickt man vor den unheilvollen Folgen einer re⸗
93 664 1368 739 ligiöſen Revolution zurück, beſonders nachdem das Rundſchreiben des
93 727 1370 791 deutſchen Epiſkopats an die Gläubigen und den Clerus von Eichſtätt
93 791 1370 852 aus erlaſſen iſt und überall die freudigſte Bewegung in den katholiſchen
95 838 1374 910 Herzen hervorgebracht hat. Ohnehin ſind die katholiſchen Kreiſe mit
89 898 1368 963 dem Feſte des Papſtjubiläums am 16. Juni eifrigſt beſchäftigt, ſomit
89 957 1366 1019 der Augenblick für eine Nationalkirche gar nicht paſſend. Wirklich bringt
87 1008 1368 1078 die Kölniſche Volkszeitung vom 6. Juni eine Nachricht aus Berlin, die
83 1062 1366 1129 wir für ganz glaubwürdig halten: „Den Herren vom Preßbureau iſt
87 1119 1354 1193 die Weiſung zu Theil geworden, ſich in der „Infallibilitätsbewegung“
89 1181 1366 1242 nicht zu ſehr zu avanciren, da auf die bayeriſche Regierung „kein dies⸗
89 1236 1366 1302 bezüglicher Verlaß mehr ſei.“ Aber aufgeſchoben iſt nicht aufgehoben.
89 1296 1366 1365 Im erſten beſten Augenblicke wird der alte Plan der Bureaukratie wie⸗
91 1349 1368 1413 der auftauchen, und es iſt Pflicht der katholiſchen Preſſe, auf der Hoch⸗
89 1409 1366 1470 warte der Zeit zu ſtehen und die kleinſte anrückende Patrouille alsbald
89 1464 292 1522 zu melden.
179 1517 1366 1583 Was mag man doch ſo Reizendes an einer Nationalkirche finden?
87 1575 1366 1639 Dem katholiſchen Theologen iſt es unbegreiflich; und trotzdem liegt
87 1636 1366 1700 weltlichen Kreiſen, vor Allem der modernen Bureaukratie, die Ver⸗
89 1698 341 1758 ſuchung nahe.
175 1745 1362 1813 Schon der erſte Napoleon äußerte oft: nur der König von Eng⸗
85 1805 1364 1868 land und der Kaiſer von Rußland ſeien Herrn in ihrem Lande und
87 1873 1364 1926 könnten unumſchränkt auch über alle kirchlichen Angelegenheiten verfügen.
85 1920 1366 1983 Er ſtand auf der Sonnenhöhe ſeines Glückes, und der Sklave, welcher
83 1977 1362 2051 ſeinem ſiegreichen Herrn täglich ſagen mußte: „Herr, vergiß nicht, daß
85 2033 1366 2100 du ein Menſch biſt,“ gehört leider dem Alterthum an. Da, im
85 2096 1364 2164 J. 1811, zwei Jahre vor ſeinem Sturze, berief Napoleon das Pariſer
160 2203 556 2285 ¹ A. A. Z. vom 7. Juni.
