1420 2340
688 27 750 91 18
87 124 1363 196 werden, daß mit den Plänen der Proteſtkatholiken kein ewiger Bund
91 179 356 249 zu flechten iſt.
183 230 1365 304 Hoffen wir, daß mit Gottes Gnade aus den bethörten Geiſtern
85 296 1365 362 ſich endlich das ſchwere, aber ehrende Geſtändniß entringe: „Wir haben
87 349 1365 423 geirrt“, und daß auf die Lippen der Ruf nach Verzeihung, in die Herzen
91 405 867 479 die Liebe zur alten heiligen Mutter dringe.
159 475 594 546 M. Laach, 10. Juni 1871.
89 780 1365 869 Eine „altkatholiſche“ Erklärung mit katholiſcher Ueber⸗
261 859 1193 947 ſetzung und erläuternden Anmerkungen.
171 969 1373 1043 Die jüngſt aufgetauchte Secte, welche ſich die „altkatholiſche“ nennt
87 1027 1369 1092 und ſo durch ihren Namen allein ſchon ihren Austritt aus der ka⸗
83 1082 1365 1150 tholiſchen Kirche documentirt, iſt, obgleich noch jung an Jahren, doch
89 1140 1369 1207 ſchon reich an ſymboliſchen Schriften. Als ſolche haben bekanntlich bei
87 1207 1367 1263 ihr officielle Geltung vor allem das Janusbuch und deſſen Epitome,
87 1259 1369 1322 „die Erwägungen für die Biſchöfe des Concils“, dann aber auch eine
89 1308 1371 1378 ganze Reihe von Erklärungen. Wir nennen von dieſen nur die „unwider⸗
87 1378 1371 1433 legliche“ per acclamationem angenommene Januar⸗Erklärung Döllingers
87 1421 1373 1499 gegen die Eingabe der fünfhundert Biſchöfe, die ebenſo hoch gefeierte
87 1483 1373 1548 Döllinger'ſche März⸗Erklärung gegen die Geſchäftsordnung des Concils, die
87 1542 1373 1604 auf dem erſten allgemeinen Concil der Secte zu Nürnberg publicirte
89 1595 1373 1669 September⸗Erklärung gegen die Vaticaniſchen Decrete vom 18. Juli, die
91 1653 1373 1717 mit zahlreichen Beifallsadreſſen von Freimaurern und Ungläubigen beehrte
87 1708 1373 1782 April⸗Erklärung Döllingers gegen ſeinen würdigen Oberhirten. Zu dieſen
89 1768 1373 1838 allen iſt jetzt auf dem zweiten Plenar⸗Concil zu München eine neue
91 1823 1373 1897 Juni⸗Erklärung Döllingers und Genoſſen gegen den ganzen deutſchen
89 1885 1373 1953 Epiſkopat getreten. Obgleich unſere Zeitſchrift, als eine katholiſche, nur
91 1942 1371 2006 katholiſche Actenſtücke mittheilen will, glauben wir dennoch mit dieſem
91 1996 1373 2067 Concilsbeſchluß der Merkwürdigkeit wegen eine Ausnahme machen zu ſollen.
89 2053 1377 2125 Da aber manche Katholiken wohl noch keine Gelegenheit hatten, die
91 2111 1371 2182 „altkatholiſche“ Sprache zu erlernen, fügen wir eine katholiſche Ueberſetzung
93 2168 1371 2240 hinzu und erläutern und begründen dieſelbe durch einige Anmerkungen.
93 2226 1024 2308 Das merkwürdige Actenſtück lautet folgendermaßen:
1016 514 1281 592 Pachtler S. J.
