1419 2340
702 7 733 70 8
83 105 1354 167 ſeit 845 als ein „entſtellender, krankhafter und athembeklemmender Aus⸗
83 154 1356 220 wuchs am Organismus der Kirche“ geächtet; das vaticaniſche Concil
83 210 1352 276 zum vorhinein verworfen, das tridentiniſche als „eine ökumeniſch ſein
83 273 1352 339 ſollende Synode“ mit banalen Schimpfereien auf Romanenthum und
78 323 1350 397 nebelnde päpſtliche Legaten hingeſtellt. Und der Freund des Janus⸗
81 380 1352 454 ſchreibers, Lord Acton⸗Dalberg, erklärte in ſeiner Geſchichte des vati⸗
81 438 1354 508 caniſchen Concils: darum habe es ſich im Grunde für die Oppoſition
80 495 1354 563 gehandelt, mit der ganzen Richtung zu brechen, deren dreihundertjährige
83 559 1352 620 Herrſchaft über die Kirche durch das letzte große Concil inaugurirt wor⸗
80 608 1352 682 den war ¹. Wollen wir noch größere Offenheit? Wahrlich die Apo⸗
83 663 1352 741 ſtaſieen Frohſchammers, Pichlers und Döllingers weiſen auf einen ver⸗
83 723 1354 789 heerenden Krebs hin, welcher längſt im Namen der „deutſchen Wiſſen⸗
87 778 1358 846 ſchaft“ in München um ſich griff und auch andere Heilige derſelben
83 836 1354 908 Wiſſenſchaft an anderen Facultäten außerhalb Bayerns anſteckte. Kein
81 895 1354 963 Rechtſchaffener wird mehr an der Nothwendigkeit des vaticaniſchen Con⸗
81 947 1354 1025 cils, kein Katholik an der Zeitgemäßheit der Definition vom 18. Juli
85 1002 349 1072 1870 zweifeln.
167 1068 1356 1136 Schon tritt man offen mit dem Vorſchlage zur Einigung zwiſchen
83 1123 1354 1191 Proteſtkatholiken und Proteſtanten hervor; Erſtere geſtehen freimüthig
83 1173 1354 1249 ihr im Grunde rationaliſtiſches Princip ein ², ſo daß es ſchließ⸗
81 1238 1358 1298 lich ſelbſt einem poſitivgläubigen Proteſtanten in der geplanten deutſchen
83 1300 1360 1363 Nationalkirche zu enge um's Herz werden möchte. Am Ende platzt
85 1347 1360 1419 Schulte mit ſeinem unfehlbaren Kaiſer und ſeiner unfehl⸗
83 1402 1358 1478 baren Kaiſerin heraus, und man kann über ihn mit einer kleinen
85 1458 1360 1534 Aenderung der Wörter wiederholen, was die Katholiken über die
83 1522 1360 1591 Arianer auf der Synode von Rimini im J. 359 ſagten, daß ſie
85 1575 1360 1641 dem Kaiſer das Prädicat „ewig“ beilegten, welches ſie dem Gottes⸗
85 1628 394 1708 ſohne abſprachen.
171 1696 1360 1762 In Berliner Regierungskreiſen hat die Nationalkirche ſicher ihre
87 1743 1360 1809 ſtillen Gönner und Förderer, wenn auch dem Fürſten Bismark ſelbſt die
83 1803 1358 1872 ganze Sache als eine ſolche gilt, „welcher er eine unmittelbare Be⸗
83 1866 1358 1926 deutung für die practiſche Politik nicht beizumeſſen vermag“. Von Zeit
83 1922 1354 1985 zu Zeit wird vom Norden her ein leiſer Druck zur Ermuthigung auf
80 1973 1358 2039 Bayern geübt; in der A. A. Z. vom 9. April berichtet eine officiöſe
85 2033 1356 2109 Correſpondenz aus Berlin: „Der Gedanke an die Herſtellung einer deut⸗
162 2168 817 2224 ¹ Hiſt.⸗pol. Bl., 1871, 1. Maiheft, S. 710.
158 2209 1194 2279 ² A. A. Z. vom 7. Mai 71, S. 2257, vom 8. Mai 71, S. 2261 f.
