1419 2340
685 15 716 83 3
68 111 1338 173 der Profeſſoren; ihrer Entſcheidung muß die religiöſe Wahrheit anheim⸗
64 159 1338 234 gegeben werden. Daher werden Gelehrtenverſammlungen die wahren
64 214 1338 286 Concilien der Zukunft, die Früchte der geſchichtlichen Forſchung die
66 271 1337 341 Orakel der Chriſtenheit ſein. Die neueſte Erklärung Döllingers und
66 335 1338 403 Genoſſen vom Juni dieſes Jahres (A. A. Z. 13. Juni, Beil.) ſagt im
62 386 1337 454 nämlichen Tone unter Nr. 5: „Wir leben der Hoffnung, daß der jetzt
66 440 1340 516 ausgebrochene Kampf unter höherer Leitung das Mittel ſein wird, die
66 501 1337 563 längſt erſehnte und unabweisbar gewordene Reform der kirchlichen Zu⸗
68 555 1338 624 ſtände ſowohl in der Verfaſſung (!) als im Leben der Kirche anzubah⸗
68 612 1340 684 nen und zu verwirklichen. Der Blick auf die Zukunft erhebt und
66 678 1337 746 tröſtet uns mitten in der Trübſal der gegenwärtigen Verwirrung (!).
64 739 1340 801 Wenn uns gegenwärtig allenthalben in der Kirche die überwuchernden
66 795 1342 848 Mißbräuche begegnen, welche durch den Sieg der vaticaniſchen Dogmen
58 840 1338 910 geſtärkt und unantaſtbar gemacht, ja ſchließlich bis zur Vernichtung alles
64 902 1340 967 chriſtlichen Lebens (!) geſteigert werden würden; wenn wir trauernd das
66 957 1338 1019 Streben nach geiſtlähmender Centraliſation und mechaniſcher Uniformität
64 1012 1333 1086 wahrnehmen; wenn wir die wachſende Unfähigkeit der Hierarchie (!)
64 1076 1340 1140 beobachten, welche die großartige geiſtige Arbeit der neuen Zeit nur mit
64 1127 1338 1191 dem Schellengeklingel altgewohnter Redensarten und ohnmächtiger Ver⸗
62 1187 1340 1253 wünſchungen zu begleiten oder zu unterbrechen vermag — ſo ermuthigt
62 1244 1340 1306 uns doch die Erinnerung an beſſere Zeiten und die Zuverſicht auf den
64 1310 1335 1366 göttlichen Lenker der Kirche. In ſolcher Rückſchau und Vorſchau (Janus!)
64 1366 1338 1425 zeigt ſich uns ein Bild ächt kirchlicher Regeneration, ein Zuſtand, in
62 1409 1338 1474 welchem die Culturvölker katholiſchen Bekenntniſſes, ohne Beeinträch⸗
64 1472 1340 1538 tigung ihrer Gliedſchaft am Leibe der allgemeinen Kirche, aber frei von
60 1524 1337 1595 dem Joche unberechtigter Herrſchſucht, jedes ſein Kirchenweſen,
62 1583 1338 1649 entſprechend ſeiner Eigenart und im Einklange mit ſeiner
64 1643 1338 1706 übrigen Culturmiſſion und einträchtiger Arbeit von
60 1698 1338 1762 Klerus und Laien, geſtaltet und ausbildet, und die geſammte
64 1753 1338 1825 katholiſche Welt ſich der Führung eines Primats und Epiſcopats er⸗
62 1811 1338 1881 freut, der durch Wiſſenſchaft und durch die thätige Theilnahme an einem
62 1868 1337 1932 gemeinſamen Leben ſich die Einſicht erworben hat, um der Kirche die
60 1932 1338 1998 ihrer einzig würdige Stelle an der Spitze der Weltcultur wieder zu
56 1983 269 2055 verſchaffen.“
148 2035 1337 2109 Die von München ausgehende Veranlaſſung einer Verſammlung
60 2094 1335 2164 von Gelehrten im J. 1863, das von Döllinger nebſt Anhang ange⸗
64 2150 1338 2217 ſtimmte Halloh gegen die „römiſche“ Richtung in der Theologie, die
58 2209 1338 2287 unermüdlichen Lobpreiſungen der deutſchen Wiſſenſchaft, die Phraſe vom
