1420 2339
684 21 741 85 12
64 118 1341 181 tionalkirchenthum arbeiten, wozu es durch die garantirte Gewiſſensfrei⸗
70 171 1341 239 heit vollkommen berechtigt iſt. Sagt doch die preußiſche Verf.⸗Urk. Art. 14:
157 224 1341 300 „Die chriſtliche Religion wird bei denjenigen Einrich⸗
68 282 1343 348 tungen des Staats, welche mit der Religionsübung im
68 341 1343 411 Zuſammenhange ſtehen, unbeſchadet der im Art. 12 gewährleiſteten
74 405 875 467 Gewiſſensfreiheit, zum Grunde gelegt.“
154 454 1341 522 2. Daß der Proteſtantismus ſtaatlich als lutheriſche und refor⸗
68 510 1340 580 mirte, beziehungsweiſe unirt⸗evangeliſche Corporation anerkannt iſt,
68 569 1341 631 brauchen wir nicht weiter auseinanderzuſetzen, wohl aber müſſen wir
66 627 1341 690 den Rechtsbruch betonen, welcher auch an ihm durch Einführung etwa
68 682 1341 748 einer allgemeinchriſtlichen Nationalkirche geſchähe. Seine bisherige Exi⸗
70 736 1340 808 ſtenz als geſonderte Corporation, wie ſie hoch und heilig garantirt iſt,
68 797 1341 867 nebſt Allem, was drum und dran hängt, müßte einfach aufhören. Er
68 851 1341 916 müßte ſich offenbar zur Annahme mancher Lehren und kirchlichen Ein⸗
66 908 1336 972 richtungen bequemen, die, von der katholiſchen Kirche herübergenommen,
64 962 1338 1035 ihn als „Menſchenſatzung“, als nicht in der hl. Schrift enthalten, mit
66 1021 1340 1091 Abſcheu erfüllen. Sein Grundprincip, die freie Forſchung in Sachen
62 1075 1340 1151 der Religion, müßte fallen, ſobald die Artikel der Nationalkirche
66 1136 300 1204 fixirt wären.
154 1188 1341 1263 3. Die katholiſche Kirche würde durch Stiftung einer National⸗
58 1249 1338 1315 kirche den enormſten Rechtsbruch erleiden. Ihr Rechtsbeſtand in Deutſch⸗
60 1303 1341 1368 land gründet ſich auf unvordenklichen Beſitzſtand, auf die ausdrückliche
68 1366 1338 1432 Anerkennung durch die deutſchen Reichsgeſetze, insbeſondere den weſt⸗
66 1422 1338 1493 fäliſchen Frieden, den Reichsdeputationshauptſchluß, die Wiener Congreß⸗
64 1477 1338 1539 Acte, die einzelnen Verfaſſungsurkunden. So ſagt die preußiſche Verf.⸗
66 1533 1340 1598 Urk. Art. 15: „Die evangeliſche und die römiſch⸗katholiſche Kirche, ſowie
64 1590 1338 1656 jede andere Religionsgeſellſchaft, ordnet und verwaltet ihre An⸗
64 1648 1338 1713 gelegenheiten ſelbſtſtändig und bleibt im Beſitz und Genuß der
64 1701 1338 1775 für ihre Kultus⸗, Unterrichts⸗ und Wohlthätigkeitszwecke beſtimmten
68 1763 1341 1828 Anſtalten, Stiftungen und Fonds.“ Bayern hat außer der Garantie
60 1818 1340 1882 der katholiſchen Kirche in ſeiner Verfaſſungsurkunde noch im Religions⸗
62 1882 1340 1941 edicte §. 38 Folgendes feſtgeſetzt, was auch der katholiſchen Kirche zu
62 1939 1340 1999 Gut kommt: „Jeder genehmigten Privat⸗ oder öffentlichen Kirchen⸗
60 1988 1340 2054 geſellſchaft kommt unter der oberſten Staatsaufſicht nach den im 3. Ab⸗
62 2046 1340 2116 ſchnitte enthaltenen Beſtimmungen die Befugniß zu, nach der Formel
60 2107 1336 2177 und der von der Staatsgewalt anerkannten Verfaſſung ihrer Kirche,
60 2165 1340 2233 alle inneren Kirchenangelegenheiten anzuordnen. Dahin gehören die
62 2227 1338 2301 Gegenſtände a. der Glaubenslehre, b. der Form und Feier des Gottes⸗
