1420 2339
667 1 727 70 15
62 101 1336 167 Wohl erging das Verwerfungsurtheil von Rom über manche Lieblings⸗
56 153 1336 226 gedanken des falſchen Liberalismus, und auf geſetzlichem Wege be⸗
62 218 1336 278 ſtreben ſich gerade die beſten Katholiken, geſundere Principien zur Ein⸗
66 272 1336 335 führung zu bringen; aber iſt denn Staat und falſcher Liberalismus
58 327 1340 401 Eines und Dasſelbe? Iſt der weltliche, Arm nicht überſtark, um
62 385 1338 446 ungeſetzliches Vorangehen zu hemmen und zu ſtrafen? Und wem
60 444 1338 506 verdankt der Staat den Gehorſam und freudigen Opfermuth ſeiner
62 495 1338 565 Bürger, wenn nicht der Kirche? Was wurde aus den Franzoſen
60 553 1338 625 der erſten Revolution, als der Glaube an Gott zum Verbrechen
56 610 1340 674 geſtempelt war? Leiden ſie nicht gegenwärtig noch an den Nachwehen
62 674 522 738 jener ſchauerlichen Tage?
150 725 1340 791 Eine deutſche Nationalkirche wäre unchriſtlich. Die Verfaſſung der
62 783 1336 847 Kirche iſt gegeben, iſt göttlichen Urſprungs. Der Katholik hat hinzuneh⸗
60 843 1336 910 men, was ihm die lehrende Kirche, Papſt und Biſchöfe, als göttliche Offen⸗
60 896 1338 962 barung zu glauben aufſtellen. Den Grund davon brauchen wir der
60 953 1336 1023 Bureaukratie nicht darzulegen; für ſie genügt es, wenn wir ſagen:
58 1017 1336 1075 das iſt katholiſch, iſt alſo für dich ein noli me tangere. Es iſt ferner
52 1066 1336 1132 katholiſche Lehre, daß jenes Mitglied der Kirche, welches auch nur eine
58 1130 1336 1194 Lehre der Kirche wiſſentlich und böswillig verwirft, ſein übernatürliches
58 1177 1334 1251 Ziel nicht erreicht. Welcher Beamte der Welt wollte ſich nun erdreiſten,
58 1235 1336 1307 an dem Heiligthume unſeres Glaubens zu mäkeln oder zu rütteln; hier
58 1296 1336 1366 wegnehmen, dort hinzufügen, bis er endlich das tolle Ding von Staats⸗
60 1350 1338 1424 katholicismus oder chriſtlicher Nationalkirche zuſammengeklext hat? Die
62 1407 1340 1479 Kirche iſt längſt fertig in ihrer Verfaſſung, unſer Glaube iſt vom Staate
60 1459 1334 1535 unabhängig, mit Strömen des edelſten Blutes erkauft, um kein Ding
60 1524 1336 1592 der Welt feil. — Das vaticaniſche Concil iſt allgemein anerkannt und
62 1582 1336 1652 für uns Katholiken von höchſter Auctorität. Ob der Profeſſor Titus oder
60 1637 1338 1709 Cajus es annimmt oder nicht, iſt uns höchſt gleichgültig; wir bedauern
60 1693 1340 1765 nur ihre leidenſchaftliche Verblendung und bitten Gott für ſie um jene
60 1750 1340 1812 Erbarmungen, deren ſie ſo dringend bedürfen. Selten hat noch eine
58 1806 1336 1880 allgemeine Kirchenverſammlung geſprochen, ohne daß dürre Aeſte und
58 1865 1336 1937 vergilbte Blätter vom alten Baume der Kirche fielen. — Ohnehin iſt
58 1916 1338 1995 der engherzige liberale Narionalitätsſchwindel und Racenhaß im Grunde
58 1976 1338 2044 unchriſtlich, Urſache unaufhörlicher Kriege und Rechtsbrüche, und der
60 2036 1338 2105 Mauerbrecher für die von den Umſturzmännern geplante Univerſal⸗
56 2097 1336 2163 republik. Das Chriſtenthum will aus allen Völkern der Erde, bei aller
62 2147 1338 2220 Stammesverſchiedenheit und Liebe zum Vaterlande, eine große Familie
66 2192 1334 2286 von Brüdern unter Einem Gott, mit einem oberſten Lehrer auf Erden,
