1420 2339
702 19 760 89 10
89 116 1361 181 Nationalconcil, um nach Soldatenart ſich die Nationalkirche mit einem
89 169 1359 233 ungeſtümen Bayonnetangriffe zu erobern. Wie kläglich der Plan zu
87 222 1357 292 Grunde ging, iſt bekannt; aber wir wiſſen ebenſo gewiß, daß er noch
87 278 1359 348 nicht aus allen Köpfen entſchwunden iſt. Das Jahr 1871 ſchien den
85 337 1359 403 Kurzſichtigen günſtig. Frankreich lag zu Boden, eine patriotiſche Stim⸗
85 389 1361 467 mung ohne Gleichen durchfluthete Deutſchland, und aus aufrichtigſtem
85 454 1359 524 Herzen jubelten die Bewohner des Nordens und Südens dem neuen
83 504 1359 582 Kaiſer zu. Endlich, nach der kaiſerloſen, der ſchrecklichen Zeit, ſind wir
83 569 1361 633 wieder Ein Volk unter Einem Haupte geworden, ſo klang es an allen
85 623 1359 695 Orten. Wie? Wäre der Augenblick nicht günſtig auch zu kirchlicher
85 676 1359 746 Einigung Deutſchlands? Vor Jahrzehnten war die Union zwiſchen Re⸗
87 734 1357 805 formirten und Lutheranern in Preußen ſo ziemlich gelungen; wäre es
83 793 1359 865 nicht an der Zeit, bei dem neuerwachten Einheitsbewußtſein der deut⸗
79 849 1359 923 ſchen Nation und ihrer entſchiedenen Hinneigung zu religiöſen Dingen
81 916 1357 980 eine Einigung zwiſchen Katholiken und Proteſtanten, zwar nicht unter
81 974 1357 1033 dem Papſte, welcher nie ſeinen Segen dazu gäbe, wohl aber unter dem
85 1031 1357 1091 ſieggekrönten deutſchen Kaiſer zu Stande zu bringen? Eine große
81 1083 1357 1150 chriſtliche Nationalkirche, politiſche und kirchliche Einheit Deutſchlands
83 1136 1357 1204 — welch erhebender Gedanke! Und ſind nicht die Grundſteine zum un⸗
83 1198 1357 1259 geheuren Dome da? Auf der einen Seite der vermeintlich gewaltige
78 1247 1359 1311 Döllinger nebſt akademiſchen Nachfolgern und den angeblich vielen Pro⸗
79 1305 1359 1376 teſtkatholiken; auf der anderen Seite eine gewiſſe in Aeußerlichkeiten
81 1364 1357 1424 katholiſirende Richtung der poſitivgläubigen Proteſtanten; die eifrigen
79 1422 1355 1491 Katholiken betroffen über die vollſtändige Plünderung und Preisgebung
79 1475 1359 1547 des hl. Vaters; die Liberalen zu Allem bereit, weil ihnen die Religion
79 1537 1359 1606 doch ſtets Nebenſache iſt, und ihr Streben auf Verweltlichung der ganzen
78 1586 1355 1660 Geſellſchaft hinausläuft; die Ultramontanen von den hochgehenden Wo⸗
79 1652 1355 1721 gen der politiſchen Begeiſterung entweder mitgezogen oder überfluthet;
76 1703 1361 1775 die regierenden Kreiſe überglücklich beim Gedanken, daß fortan die
79 1756 1357 1826 heikelſten Schwierigkeiten, die mit der Kirche, nicht mehr eintreten könn⸗
78 1814 1357 1886 ten. So ſchienen die Dinge, aber ſie waren nicht ſo. Vollends hat
76 1871 1357 1937 das Auftreten der engherzigen Nationalliberalen und der principiell
78 1929 1357 1995 abgehausten Conſervativen im Berliner Reichstage gegen die Katholiken
74 1990 1152 2054 und ihre theuerſten Anliegen allerwärts die Augen geöffnet.
161 2050 1359 2107 Die Idee von einer deutſchen Nationalkirche iſt eine enorme
76 2099 1355 2175 Rechtsverletzung, iſt unvernünftig, unchriſtlich, unpolitiſch.
165 2167 1355 2223 Das Nationalkirchenthum iſt vor Allem eine enorme Rechts⸗
76 2227 1355 2301 verletzung, geübt an der perſönlichen Gewiſſensfreiheit jedes Ein⸗
