1422 2333
44 48 1361 106 werden ihr läſtige Rückſichten auferlegt werden. Neben allem andern,
44 95 1363 167 auf das ſchon oben hingedeutet wurde, mögen in dieſer Beziehung nur
44 151 1363 221 noch zwei Punkte erwähnt werden. Das Oberhaupt der römiſchen Kirche
46 209 1363 276 ſoll in Zukunft in einem Staat wohnen, der ſeinen Bürgern volle Re⸗
44 262 1365 330 ligionsfreiheit gewährt, dieſe Kirche ſoll ſelbſt in ihrem beherrſchenden
46 318 1363 386 Mittelpunkt mit andern Bekenntniſſen unter gleichen Geſetzen zuſammen⸗
42 371 1365 447 leben. Wenn dies erſt eine Zeitlang gedauert hat, muß der Glaube, als
44 429 1365 499 ob außer ihr kein Heil zu finden ſei, dieſer für ihr bisheriges Syſtem
44 486 1365 552 ſo unentbehrliche Grundſatz der Unduldſamkeit, nothwendig auch hier ſeine
46 542 1363 608 Geltung immer mehr verlieren. Noch unmittelbarer findet der Anſpruch
48 600 1361 666 der Kirche auf Beherrſchung der Staaten ſeine thatſächliche Widerlegung
44 653 1363 725 in dem Umſtand, daß die oberſte Kirchenbehörde ſelbſt ſich genöthigt ſieht,
44 709 1365 775 ſich unter den Schutz eines Staates zu ſtellen, der jenen Anſpruch in
46 766 1367 832 keiner Weiſe zugiebt, und ſich den Geſetzen deſſelben zu fügen. Wenn
42 820 1367 888 die Kirche nicht einmal am Sitze des Papſtthums in bürgerlichen Dingen
44 878 1367 946 noch etwas zu befehlen hat, ſo mögen die Anhänger des theokratiſchen
46 933 1369 1001 Syſtems dieſe Thatſache noch ſo lebhaft beklagen: die geſunde Vernunft
44 991 1367 1057 wird doch auf die Dauer ſchwer davon zu überzeugen ſein, daß ein Zu⸗
44 1045 1367 1117 ſtand, welchen die Kirche trotz ihrer göttlichen Sendung ſich thatſächlich
44 1104 1367 1170 gefallen läßt und gefallen laſſen muß, mit der göttlichen Weltordnung,
48 1162 1118 1230 deren Hüterin ſie ſein will, ſchlechterdings unvereinbar ſei.
132 1211 1369 1285 Es könnte nun vielleicht ſcheinen, die Kurie hätte ein einfaches Mittel,
42 1269 1369 1337 um ſich allen dieſen Verlegenheiten und Beſchränkungen zu entziehen: ſie
42 1325 1369 1393 dürfte nur ihren Wohnſitz anderswohin verlegen. Allein dieſer Plan iſt
44 1376 1371 1450 weit leichter zu entwerfen als auszuführen. Man hat bekanntlich der
42 1430 1369 1506 italieniſchen Regierung für den Fall, daß ſie ſich Roms bemächtige, wie⸗
44 1493 1371 1561 derholt mit Auswanderung des Papſtes gedroht. Aber ſo wenig ſich jene
44 1547 1371 1615 dadurch abſchrecken ließ, ſo wenig ſind bis jetzt zur Ausführung dieſer
44 1603 1371 1671 Drohung Anſtalten gemacht worden, und es wird damit wohl auch in
46 1660 1373 1736 Zukunft ſeine guten Wege haben. Der italieniſchen Regierung wäre es
42 1712 1373 1792 zwar ohne Zweifel höchſt unangenehm, wenn das Oberhaupt der Kirche
44 1771 1373 1843 Rom verließe; ſie weiß zu gut, welcher Schlag dies für Ronswäre, wie
44 1827 1373 1899 ſehr das Zuſammenwachſen des italieniſchen Staatsweſens dadurch erſchwert
44 1883 1371 1953 würde, was für einen ungänſtigen Eindruck es beim Volk hervorbrächte,
44 1940 1369 2010 welchen Einfluß der Klerus trotz allem auf die italieniſche Bevölkerung
46 1996 1373 2066 noch ausübt, wie gefährlich ihr ſeine Gegnerſchaft iſt, und welchen Hebel
42 2047 1373 2121 der politiſchen Macht ſie mit dem Papſtthum aus der Hand gäbe; und
44 2111 1375 2179 ſie thut deshalb alles, was ſie kann, um dem letztern den Aufenthalt in
42 2169 1371 2235 der ewigen Stadt auch unter den veränderten Verhältniſſen ſo erträglich
46 2222 1375 2315 wie möglich zu machen. Aber ſie weiß auch ohne Zweifel, daß ſie eine
