1424 2420
56 133 1373 187 Erſt wenn die gewohnten Künſte gänzlich verſagen, wenn alle Stützen
52 171 1371 248 zuſammenbrechen und alle Hoffnungen täuſchen, wird man ſich in das
54 225 1373 298 unvermeidliche fügen. Dann bleiben aber der päpſtlichen Politik, wenn
52 282 1373 356 wir recht ſehen, immer noch zwei Wege. Sie kann ſich entweder mit
56 344 1369 413 Italien verſtändigen, den Compromiß, der ihr durch das Garantiegeſetz
52 393 1371 469 geboten wird, annehmen, und im übrigen ihre bisherige Stellung in der
52 453 1369 524 Kirche, ſo weit dies unter den veränderten Verhältniſſen möglich iſt, zu
52 510 1371 584 behaupten, ihr bisheriges Syſtem fortzuſetzen verſuchen. Oder ſie könnte
52 560 1369 637 die Abhängigkeit und die Vortheile, die ihr geboten werden, zurückweiſen,
50 625 1369 691 die goldene Kette, mit welcher der bisherige Gegner ſie zu umſchlingen
50 679 1371 754 und an ſich zu feſſeln hofft, abwehren, und ſich in ſtolzer Unabhängigkeit
48 730 1367 802 auf ihre kirchliche Stellung und ihre eigenen Hülfsmittel zurückziehen.
50 788 1369 857 Damit wäre dann Cavour's Programm, die freie Kirche im freien Staat,
48 847 1367 915 noch vollſtändiger, als er ſelbſt dies wohl gedacht und beabſichtigt hat,
48 895 1367 972 verwirklicht. Dieſes Verfahren würde jedoch eine tiefgehende Veränderung
50 957 1369 1026 in dem bisherigen Syſtem der Kurie und in dem ganzen Verhältniß der
46 1010 1369 1084 katholiſchen Kirche zum Staate theils vorausſetzen, theils herbeiführen.
44 1068 1369 1139 Die Unabhängigkeit der kirchlichen Centralgewalt würde dadurch allerdings
46 1129 1371 1201 gewinnen, aber ihre äußeren Mittel würden in hohem Grade beſchränkt
48 1185 1371 1252 werden. Sie wäre für die Koſten der päpſtlichen Hofhaltung und der
50 1246 1371 1310 oberſten Kirchenleitung auf die freiwilligen Gaben der Einzelnen und der
48 1294 1371 1367 Landeskirchen angewieſen, die in eine regelmäßige und geſetzliche Abgabe
46 1347 1371 1425 zu verwandeln die Staaten ihr wohl ſchwerlich geſtatten würden; ihre
46 1403 1365 1476 Mittel wären daher vorausſichtlich um vieles unſicherer und beſchränkter,
46 1462 1367 1536 als ſie nicht blos bisher waren, ſondern auch bei Annahme der italieni⸗
48 1522 1365 1589 ſchen Vorſchläge ſein werden. Es würden ferner alle jene Vorrechte,
46 1579 1365 1647 welche das italieniſche Geſetz dem Papſte für ſeine Perſon, ſeinen Haus⸗
46 1633 1367 1700 halt und ſeine kirchlichen Organe ertheilt, wegfallen; er würde dem Staat
44 1687 1365 1762 gegenüber zu einer Privatperſon, die trotz alles ihres realen Einfluſſes
42 1746 1367 1817 doch formell den allgemeinen Staatsgeſetzen ebenſo unterworfen wäre, wie
44 1798 1365 1865 alle andern. Daraus würde folgen, daß die päpſtliche Hofhaltung bedeu⸗
48 1853 1367 1925 tende Einſchränkungen erleiden müßte, daß die Kardinäle und der höhere
46 1911 1367 1978 römiſche Klerus überhaupt ſich auf einen weit beſcheideneren Rang in der
46 1972 1367 2040 Geſellſchaft und auf eine mit ihrer bisherigen Stellung ſtark contraſtirende
46 2022 1365 2093 Einfachheit zurückgeführt ſähen, daß jenes Heer von untergeordneten Kle⸗
44 2079 1365 2145 rikern, Beamten und Dienern aller Art, welches ſich bisher im Glanze
44 2135 1367 2204 des Papſtthums geſonnt und gewärmt hat, noch weiter reducirt werden
44 2194 1367 2260 müßte, als dies nach der Einziehung des Kirchenſtaats jedenfalls geſchehen
46 2246 1365 2317 wird. Es würde ebendamit der Dienſt der Kirche gerade in Rom ſelbſt
46 2305 1367 2397 von ſeiner Anziehungskraft viel verlieren, die römiſche Ariſtokratie würde
687 42 748 102 13
