1428 2469
58 126 1373 192 heitsgefühl des Volks wenden, er hätte gegen die römiſche Auktorität die
57 193 1373 251 eigene Ueberzeugung und das Gewiſſen der Einzelnen anrufen, er hätte
53 238 1373 307 die verwerflichen Ziele und die ſchlechten Künſte der Gegner, ihre Schleich⸗
57 297 1373 358 wege, ihre Fälſchungen, ihre Gewaltthätigkeiten rückſichtslos aufdecken, er
57 352 1373 418 hätte den Streit aus dem Conciliumsſaal und den biſchöflichen Kanzleien
57 414 1369 475 auf den Markt tragen, aus der Enge der dogmatiſchen Ueberlieferung,
61 460 1378 530 aus den gewundenen Gängen des kanoniſchen Rechts auf den Boden des
52 517 1371 582 ſittlichen Bewußtſeins, des religiöſen Gefühls, der allgemeinen Menſchen⸗
54 576 1370 643 vernunft verpflanzen müſſen. Nur unter dieſer Bedingung konnte ſich
53 635 1369 699 der Widerſtand gegen die römiſche Anmaßung einige Ausſicht auf Erfolg
50 687 1371 751 machen. Aber wer dieſen Weg einſchlug, der hatte ebendamit auf den
50 742 1370 810 Charakter eines römiſch⸗katholiſchen Biſchofs verzichtet. Wer ſich gegen
52 798 1369 866 die päpſtliche Auktorität auf das Gewiſſen der Gemeinde, gegen die Be⸗
53 857 1373 923 ſchlüſſe eines Concils auf die Ausſprüche der Wiſſenſchaft und die Stimme
52 917 1371 975 der Vernunft ſtützte, der mußte es auch ſeinerſeits aufgeben, das Gewiſſen
52 967 1370 1036 und den Glauben des Volkes mit oberhirtlicher Auktorität zu beherrſchen.
52 1024 1373 1094 Er war ein religiöſer Agitator, vielleicht ein religiöſer Reformator, aber
50 1083 1373 1154 er war kein Biſchof mehr. Biſchöfe wollen aber ohne Zweifel auch die
49 1141 1371 1212 Gegner der päpſtlichen Unfehlbarkeit innerhalb des Epiſkopats bleiben.
52 1202 1374 1270 Mochte ihnen daher das neue Dogma noch ſo unangenehm ſein: nachdem
50 1260 1374 1326 ſie einmal durch die Concilienbeſchlüſſe in die Lage verſetzt waren, zwiſchen
52 1318 1374 1382 ſeiner Anerkennung und der offenen Auflehnung gegen die kirchliche Cen⸗
49 1373 1371 1444 tralgewalt wählen zu müſſen, war es unzweifethaft, wie ihre Entſcheidung
50 1430 1373 1497 ausfallen würde. Daß ſie ihren Widerſpruch über Rom hinaus fort⸗
49 1488 1374 1558 ſetzen würden, ließ ſich nicht erwarten und läßt ſich auch für die Zukunft
50 1551 1374 1613 nicht erwarten. Im äußerſten Fall mag der eine oder der andere als
46 1600 1374 1669 ehrlicher Mann ſein Amt niederlegen, um ein Bekenntniß, mit dem ſeine
50 1665 1374 1726 Ueberzeugung ſich nicht verträgt, weder ſelbſt ablegen noch andere zu
50 1715 1374 1787 demſelben nöthigen zu müſſen; aber daß jemals eine nachhaltigere Bewe⸗
48 1776 1374 1855 gung gegen die neue Lehre von dem Epiſkopat ausgehen werde, iſt nicht
45 1836 240 1902 glaublich.
134 1894 1375 1960 Um ſo mehr hätte man von dem katholiſchen Volke und von dem
50 1946 1375 2024 freiſinnigen Theile des Klerus und des Lehrſtandes einen allgemeineren
49 2005 1377 2082 und kräftigeren Widerſpruch gegen ein Dogma erwarten mögen, von dem
47 2061 1376 2135 es doch jedem Denkenden einleuchten muß, wie durchaus unvereinbar es
53 2119 1372 2191 mit der geſunden Vernunft iſt, wie koloſſal die Anmaßung iſt, die ſich in
48 2176 1375 2253 ihm ansſpricht, wie vernichtend für alle religiöſe, politiſche und wiſſen⸗
46 2234 1375 2316 ſchaftliche Freiheit, für den Frieden der Confeſſionen, für die Ruhe der
49 2292 1375 2375 Staaten, für die Bildung unſeres Jahrhunderts die Durchführung der
59 2347 1376 2444 Grundſätze ſein müßte, deren Annahme es allen Chriſten als die heiligſte
681 38 748 98 23
