1482 2454
54 126 1379 186 als bis das Concil zu Conſtanz die Sache in die Hand nahm, alle drei
57 179 1378 245 Päpſte abſetzte, und aus eigener Machtvollkommenheit einen neuen ernannte.
53 237 1377 301 Der Gedanke liegt nicht ſo ganz ferne, daß früher oder ſpäter etwas ähn⸗
54 294 1379 362 liches ſich wiederholen, daß noch einmal ein franzöſiſcher und ein italieni⸗
49 351 1377 417 ſcher Papſt ſich gegenübertreten könnten; nur daß dann vorausſichtlich
50 406 1375 471 eher ein diplomatiſcher Congreß, als eine allgemeine Kirchenverſammlung,
51 464 1379 534 die Entſcheidung herbeiführen würde. Indeſſen genügt ſchon das Beiſpiel
50 520 1378 584 aus dem 14. Jahrhundert, um den Satz zu erläutern, um den es uns
53 575 1378 643 hier allein zu thun iſt: daß diejenige Einheit der Kirchenleitung, die das
50 633 1379 698 katholiſche Syſtem anſtrebt, auch durch die Unbeſchränktheit der päpſtlichen
53 691 1379 753 Gewalt ſich nicht wirklich erreichen läßt. Die Geſchichte zeigt uns ja
51 752 1379 809 aber überdies auch ganz unwiderſprechlich, daß die Päpſte nicht allein in
50 804 1378 873 ihren adminiſtrativen und disciplinariſchen, ſondern auch in ihren dogma⸗
51 862 1377 929 tiſchen Entſcheidungen ſich keineswegs immer gleichgeblieben ſind, daß ein⸗
50 917 1378 980 zelne von ihnen nicht ſo ganz ſelten zwiſchen dem, was in der Folge für
51 976 1378 1042 Häreſie, und dem, was für Orthodoxie galt, geſchwankt haben, daß mehr
50 1032 1378 1092 als Ein Papſt ſich einer entſchiedenen Ketzerei ſchuldig gemacht hat und
50 1083 1379 1149 von ſeinen eigenen Nachfolgern dafür verdammt worden iſt. Wenn die
50 1141 1379 1212 Einheit der Kirche und ihres Glaubens durch die päpſtliche Unfehlbarkeit
50 1194 1379 1261 ſichergeſtellt werden ſoll, und wenn gerade dieſe Ausſicht am eheſten geeignet
50 1250 1379 1322 war, das neue Dogma auch ſolchen, die ihm nicht blos durch hierarchiſche
51 1308 1381 1383 Beſtrebungen in die Arme geführt wurden, zu empfehlen und ſie über ſeine
50 1364 1378 1435 Gefährlichkeit zu täuſchen, ſo zeigt ſich bei näherer Betrachtung, daß es
50 1423 1379 1495 ſelbſt dies nicht zu leiſten vermag. Denn zur Einheit des kirchlichen
50 1479 1378 1555 Glaubens gehört doch nicht nur dieſes, daß in jedem gegebenen Augen⸗
47 1541 1379 1611 blick alle dieſelbe Lehre bekennen, was ſich allerdings, ſo lange kein Schisma
47 1599 1379 1668 eintritt, durch den Grundſatz der päpſtlichen Unfehlbarkeit, ſeine allgemeine
49 1649 1378 1727 Anerkennung vorausgeſetzt, erreichen ließe; ſondern ebenſo weſentlich wird
47 1708 1378 1780 hiezu auch das erfordert, daß die öffentliche Lehre der Kirche in jedem
50 1770 1377 1840 Zeitpunkt mit der Lehre der Vorzeit übereinſtimme. Dafür giebt aber der
49 1824 1375 1889 monarchiſche Abſolutismus eines unfehlbaren Papſtes eine weit geringere
49 1880 1374 1955 Bürgſchaft, als die Feſtſtellung der Lehre durch allgemeine Kirchenverſamm⸗
46 1931 1374 2015 lungen; da die Anſichten und Intereſſen der einzelnen, oft ſehr raſch auf
47 1985 1375 2073 einander folgenden Päpſte der Natur der Sache nach viel veränderlicher
47 2043 1375 2128 und von wechſelnden Einflüſſen jeder Art abhängiger ſein werden, als
46 2098 1371 2186 die Ueberlieferungen und Ueberzeugungen einer ſo zahlreichen, den ver⸗
45 2151 1371 2243 ſchiedenſten Ländern angehörigen Korporation, wie der katholiſche Epi⸗
49 2211 1372 2301 ſkopat. Ebendamit wird aber auch die gleichzeitige Lehreinheit der Kirche
49 2268 1371 2362 wieder gefährdet. Laſſe man die Päpſte nur erſt eine Zeit lang von ihrem
45 2319 1375 2443 Recht infallibler Lehrentſcheidung Gebrauch machen, und es wird bald
684 32 747 109 28
