1421 1908
47 41 1355 135 Die päpſtliche Unfehlbarkeit und die Säculariſa⸗
402 108 1008 232 tion des Kirchenſtaats.
136 286 1366 351 Hochmuth kommt vor dem Fall. Dieſe Erfahrung hat nicht blos
49 332 1363 405 das franzöſiſche Kaiſerthum und das unſelige Volk gemacht, das ſich zwanzig
52 387 1365 465 Jahre lang von ihm führen ließ, ſondern auch das zweite von den Staats⸗
50 446 1365 516 weſen, die das letzte große Jahr weggeſchwemmt hat: jenes Prieſterreich
49 500 1368 570 an der Tiber, welches in demſelben Augenblick zuſammenbrach, in dem
47 556 1366 629 ſein Oberhaupt ſich über die letzten Schranken der Menſchheit empor⸗
49 616 1368 688 zuheben verſuchte, in dem es die Unfehlbarkeit ſeiner Entſcheidungen, die
49 669 1366 737 Unbedingtheit ſeiner prieſterlichen Herrſchaft als allgemeines Glaubens⸗
47 725 1368 806 geſetz verkünden ließ. In dem erſten von dieſen Fällen liegt nun der
49 777 1366 857 Zuſammenhang von Schuld und Strafe klar vor Augen. Die Nieder⸗
47 836 1366 906 lage des franzöſiſchen Volkes und alles das Unglück, welches ſich daraus
47 891 1365 958 entwickelt hat und ferner entwickeln wird, iſt eine Folge ſeiner Verfehlun⸗
47 947 1363 1025 gen: ſeiner Selbſtüberhebung, ſeines Uebermuths, ſeiner frevelhaften Hin⸗
46 1001 1366 1076 wegſetzung über die Gebote des Rechts und der Sittlichkeit; eine Folge
44 1055 1366 1130 der Leichtfertigkeit, welche es weder im Heer noch im Staatsdienſt zu einer
44 1111 1365 1189 ernſten und gründlichen Arbeit kommen ließ, der Selbſtſucht und Unred⸗
47 1168 1363 1240 lichkeit, welche eine ehrliche und zuverläſſige Verwaltung unmöglich machte;
46 1230 1363 1302 eine Folge der Eigenliebe und der Einbildung, welche den Gegner tief
46 1283 1365 1353 unter ſich wähnte, und ſich mit unfertiger Rüſtung und ungenügenden
42 1334 1366 1415 Mitteln in den gefahrvollen Kampf ſtürzte; eine Folge der Starrheit und
44 1391 1368 1467 der Verblendung, welche es nicht über ſich gewinnen konnte, ſich für beſiegt
47 1445 1362 1524 zu erkennen, den Thatſachen in's Antlitz zu ſehen, die Urſache des Miß⸗
46 1500 1368 1583 erfolgs in etwas anderem, als in der Verrätherei oder der Unfähigkeit
46 1564 1363 1634 einzelner Perſonen zu ſuchen; welcher die abenteuerlichſte Selbſttäuſchung,
44 1613 1368 1696 die windigſte Hoffnung lieber war, als die rettende aber beſchämende
44 1669 1365 1745 Wahrheit. In dieſem Fall ſahen wir nicht blos die Wirkungen der Ne⸗
42 1726 1366 1811 meſis, ſondern auch die Urſachen, aus denen dieſe Wirkungen hervorgin⸗
42 1783 1370 1879 gen; wir ſahen das Räderwerk der Geſchichte nach ſeinem natürlichen
