1467 2491
751 27 811 99 32
120 109 1436 206 der ſich bisher zu ihnen hinneigte und ihr Treiben in gutem Glauben
117 164 1436 258 unterſtützte, manchem ehrlichen Katholiken und manchem von unſern pro⸗
116 220 1435 318 teſtantiſchen Orthodoxen, dem die Uebergläubigen in der Schweſterkirche
114 275 1432 376 lieber waren, als die Ungläubigen in der eigenen, mögen jetzt über die
113 336 1429 435 Ziele und die Mittel des römiſchen Jeſuitismus die Augen aufgehen.
113 388 1429 488 Dieſe Partei iſt doch immer nur dann wirklich zu fürchten, wenn es ihr
109 444 1425 545 gelingt, ſich hinter berechtigte Beſtrebungen und volksthümliche Schlag⸗
106 502 1424 597 wörter der Gegenwart zu verſtecken; je vollſtändiger ſie der Welt ihr
103 557 1422 653 wirkliches Geſicht zeigt, je unverhüllter ſie mit ihren Anſchaungen und
102 615 1421 709 Anſprüchen hervortritt, um ſo ſicherer iſt ihre Niederlage. Dieſen Dienſt
99 671 1418 765 haben Syllabus und Concil unſerer Zeit geleiſtet; den Urhebern derſelben
98 722 1411 827 wird man, wie wir hoffen, den Dank, den ſie verdienen, nicht ſchuldig
95 777 242 848 bleiben.
179 835 556 917 Den 8. April 1871.
1100 870 1331 941 E. Zeller.
238 2010 1188 2110 Abdruck aus dem XXVII. Bande der Preußiſchen Jahrbücher.
384 2065 1022 2173 Druck und Verlag von Georg Reimer in Berlin.
548 2287 952 2407 1926K2750
