1421 2408
46 112 1368 186 katholiſche Theologen die Anſicht aus, ſie werde mehr gewinnen als ver⸗
48 170 1368 242 lieren, wenn der Vermiſchung des weltlichen und geiſtlichen Regiments
46 226 1368 296 ein Ende gemacht werde; und es ließe ſich ohne Zweifel für dieſe Anſicht
48 282 1368 353 manches anführen. Das Papſtthum, könnte man ſagen, iſt ſeinem Weſen
48 337 1368 407 und ſeiner Beſtimmung nach ein religiöſes Inſtitut. Seine Macht
50 393 1368 467 ruht auf dem Glauben der Völker; ſeine Aufgabe iſt die Leitung der
46 449 1366 523 Kirche in ihren inneren Angelegenheiten, in ihrem Glauben, ihrem Leben,
46 501 1366 575 ihrem Gewiſſen. Jene kirchliche Macht, welche ſich über die ganze katho⸗
44 559 1368 636 liſche Welt erſtreckt, konnte durch die politiſche Herrſchaft über einen Staat
48 620 1366 682 dritten Ranges nicht vermehrt, die Löſung ſeiner kirchlichen Aufgaben
50 668 1366 748 konnte dem Papſtthum durch dieſelbe nicht erleichtert werden. Es mußte
44 724 1366 800 vielmehr nur allzu oft der Fall eintreten, und er iſt ja auch nach dem
44 774 1366 848 Zeugniß der Geſchichte unendlich oft eingetreten, daß die Intereſſen des
48 840 1368 911 weltlichen Fürſten ſich mit denen des Kirchenoberhaupts kreuzten, daß das
48 896 1366 971 letztere ſich durch die Rückſichten, die es als Souverän des Kirchenſtaats
48 955 1368 1017 zu nehmen hatte, in ſeiner freien Bewegung gehemmt fühlte, daß die guten
48 1005 1370 1081 Dienſte der Regierungen, von denen die Erhaltung und Unabhängigkeit
48 1063 1366 1137 ihres weltlichen Beſitzes abhing, von den Päpſten mit Gegendienſten und
44 1113 1366 1193 Zugeſtändniſſen kirchlicher Art erkauft werden mußten. Von dieſer Ab⸗
50 1171 1366 1248 hängigkeit, könnte man glauben, ſei das Papſtthum jetzt befreit, und ſo
50 1234 1368 1302 werde es gerade durch den Verluſt ſeiner ſtaatlichen Macht in den Stand
48 1292 1368 1352 geſetzt ſein, ſeinem kirchlichen Berufe ſich in Zukunft nur um ſo reiner
48 1342 1366 1416 hinzugeben, ſeine Macht über die Gewiſſen auf ihren natürlichen Grund⸗
50 1400 778 1474 lagen nur um ſo dauernder aufzubauen.
138 1460 1366 1531 Aber ſo ſcheinbar dies lautet, ſo kann es doch einer ſchärferen Prü⸗
46 1509 1368 1577 fung nicht Stand halten. Wäre ſein weltlicher Beſitz dem Papſtthum
46 1563 1364 1641 wirklich ſo entbehrlich oder gar hinderlich geweſen, wie kommt es, daß
44 1617 1364 1695 gerade den kräftigſten und weitſichtigſten unter den Päpſten für die Er⸗
46 1677 1366 1751 werbung, die Behauptung, die Vermehrung und Abrundung dieſes Beſitzes
42 1733 1366 1801 keine Anſtrengung zu groß war? Handelte es ſich für ſie hier nicht um ein
48 1787 1362 1864 weſentliches Intereſſe, warum hat denn die Kurie noch immer jedem Angriff
44 1848 1366 1920 auf ihre politiſche Gewalt dieſen unbeugſamen Widerſtand entgegengeſetzt?
42 1902 1366 1978 warum hat auch der gegenwärtige Papſt jeden Verſuch einer Verſtändi⸗
44 1960 1364 2024 gung mit dem „ſubalpiniſchen Königreich“ mit leidenſchaftlicher Hartnäckig⸗
46 2010 1370 2084 keit zurückgewieſen? Die Häupter der römiſchen Kirche müſſen doch, ſollte
46 2066 1368 2143 man meinen, ſelbſt am beſten wiſſen, was ſie für ihre Stellung in der⸗
50 2127 1372 2205 ſelben nöthig haben. Finden ſie es unmöglich, auf ihre weltliche Herr⸗
50 2187 1370 2253 ſchaft zu verzichten, ſo muß doch wohl dieſe Herrſchaft mit ihrem ganzen
48 2233 1374 2309 Syſtem weit ſeſter verwachſen ſein, als die eben geſchilderte Anſicht dies
46 2303 1374 2397 zugiebt, der Verluſt derſelben wird daher, wenn er ſich nicht mehr rück⸗
690 20 732 102 3
1101 2351 1158 2412 1 *
