1424 2424
50 131 1373 195 collidiren ſollten, denſelben Einfluß ausüben, wie auf ſolche, die nur an
50 189 1373 254 ſie abgeſchickt und für ſie ausgewählt waren? Und wenn alle dieſe Fragen
48 244 1369 307 zu bejahen ſein ſollten, was doch durchaus nicht unbedingt der Fall iſt:
48 294 1373 363 begründet nicht ſchon der Umſtand den allergrößten Unterſchied zwiſchen
52 351 1371 418 Sonſt und Jetzt, daß die Perſonen, deren die päpſtliche Regierung zur
52 406 1373 474 Erhaltung ihres Einfluſſes und zur Ausführung ihrer Beſchlüſſe bedarf,
50 462 1373 529 nicht in derſelben Weiſe, wie der Papſt ſelbſt, von der Staatsaufſicht
50 519 1371 585 freigeſprochen werden können? Mag man der Kirchenregierung die voll⸗
48 577 1371 640 kommene Freiheit der Bewegung auf ihrem Gebiete noch ſo feierlich ver⸗
48 632 1371 698 ſprechen: wenn ihre Organe in der Ausführung ihrer Befehle die Staats⸗
44 684 1369 755 geſetze verletzen, ſo wird ſich die italieniſche Regierung und es werden ſich
46 745 1371 808 die Gerichte durch den Umſtand, daß ſie in päpſtlichem Auftrag gehandelt
48 799 1369 868 haben, vom Einſchreiten nicht abhalten laſſen. Wenn die päpſtlichen
50 856 1371 923 Paläſte der Sitz von Verſchwörungen gegen den italieniſchen Staat, der
50 909 1371 983 Zufluchtsort politiſcher oder gemeiner Verbrecher werden, ſo wird ſich ihre
44 967 1371 1034 Quartierfreiheit beim beſten Willen nicht aufrecht halten laſſen; warum
46 1022 1371 1096 ſollten ſie dies aber nicht ebenſo gut werden können, als noch vor wenigen
46 1080 1371 1145 Jahren der Kirchenſtaat das Aſyl, Rom ſelbſt das Hauptquartier der
48 1135 1371 1209 ſcheußlichen neapolitaniſchen Räuberbanden geweſen iſt? Wenn wieder ein
50 1195 1371 1262 Concil nach Rom berufen werden ſollte, ſo wird ſich die italieniſche Polizei
50 1246 1371 1315 nicht dazu hergeben, gegen die Mitglieder deſſelben einen Zwang auszu⸗
44 1298 1373 1373 üben, wie ihn die päpſtliche geübt hat. Wenn Einzelne oder geiſtliche
52 1359 1369 1426 Geſellſchaſten wegen Vergehen gegen ihren Staat verfolgt werden, ſo
48 1418 1371 1480 werden ſie nicht mehr ſo, wie bisher, in Rom Schutz und Unterkunft
46 1472 1367 1539 finden können. Wenn jemand durch Verdienſte um die Kirche Strafloſig⸗
44 1527 1371 1591 keit für Verbrechen zu erkaufen ſucht, werden die italieniſchen Gerichte
48 1583 1371 1648 dieſen Rechtsgrund nicht anerkennen. Wenn eine Verbindung in Italien
44 1636 1369 1708 verboten iſt, wird man ſie nicht deshalb, weil ſie im Dienſte des Papſtes
46 1694 1371 1765 ſteht, in der Hauptſtadt Italiens erlauben können. Dieſer letztere Fall
42 1749 1369 1822 liegt ja auch bereits vor. Die allmächtigen Lieblinge, die rührigſten und
44 1805 1369 1878 unentbehrlichſten Werkzeuge des gegenwärtigen Papſtes ſind bekanntlich
42 1862 1369 1931 die Jeſuiten. Aber im Königreich Italien iſt dieſer Orden geſetzlich ver⸗
42 1914 1371 1991 boten. Die Kurie wird ſagen, ſie ſeien eine geiſtliche Körperſchaft, deren
44 1973 1369 2044 ſie ſich frei zu bedienen befugt ſei; und wenn ſie wirklich über alle kirch⸗
42 2024 1369 2106 lichen Dinge mit unbeſchränkter Selbſtändigkeit zu eutſcheiden hätte, ließe
44 2086 1373 2157 ſich dagegen ſchwer etwas einwenden. Der Staat wird dabei bleiben
44 2145 1373 2209 müſſen, daß er gemeinſchädliche Verbindungen auf ſeinem Gebiet nicht zu
42 2201 1373 2272 dulden brauche, und daß über die Frage, was gemeinſchädlich ſei, nur er
44 2258 1371 2323 ſelbſt zu erkennen habe. So kommen die beiden Souveränetäten, die ſich
46 2304 1371 2407 in demſelben Raume neben einander bewegen ſollen, die kirchliche und
689 42 722 105 7
