1421 2407
56 110 1368 166 Geſetz arbeiten, bis es die Schuldigen ergriffen und zermalmt hatte. Weni⸗
50 154 1368 222 ger greifbar iſt dieſer Zuſammenhang in dem Falle des Papſtthums. Die
54 224 1370 280 Sache liegt hier, dem nächſten Anſchein nach, doch nicht ganz ſo, wie am
54 274 1368 334 Anfang des 14. Jahrhunderts, wo die Anmaßungen Bonifaz' VIII. ſeine
52 320 1368 389 Verhaftung durch Wilhelm v. Nogaret und die Ueberſiedelung der Päpſte
50 379 1368 447 nach Avignon unmittelbar hervorriefen; oder wie im 16ten, wo die Un⸗
50 435 1368 505 ſittlichkeit des päpſtlichen Hofes und ſeiner Politik, die Mißhandlung des
52 491 1370 557 religiöſen Gefühls und der geſunden Vernunft, die Unerträglichkeit der
52 553 1368 623 römiſchen Uebergriffe und Erpreſſungen die nächſte Veranlaſſung zur Re⸗
52 605 1370 677 formation wurde. Es erſcheint zunächſt zufällig, daß die deutſchen Waffen
44 659 1370 728 dem König von Italien gerade in dem Zeitpunkt den Weg nach Rom
50 712 1366 782 öffneten, in welchem das Papſtthum durch ſeine Unfehlbarkeitserklärung
52 772 1368 840 dem Geiſt unſeres Jahrhunderts dieſen Fauſtſchlag in's Geſicht zu ver⸗
54 828 1368 900 ſetzen gewagt hatte. Eine gründlichere Geſchichtsbetrachtung wird freilich
48 890 1370 960 die Verkettung der Urſachen und Wirkungen auch hier zu verfolgen im
50 946 1370 1014 Stande ſein. Sie wird einerſeits zu bedenken geben, daß es doch nur
50 1002 1368 1067 die Maßloſigkeit der päpſtlichen Anſprüche, die Unverträglichkeit der Prieſter⸗
50 1053 1368 1121 herrſchaft mit den Bedürfniſſen der Völker, der beharrliche, auf auslän⸗
50 1111 1370 1183 diſche Hülfe geſtützte, Widerſtand der Päpſte gegen die nationalen Wünſche
44 1163 1370 1235 Italiens, die unvertilgbare Mißregierung im Kirchenſtaat war, was ſchon
52 1221 1370 1291 längſt die Forderung ſeiner Säculariſation veranlaßt hatte; und ſie wird
48 1281 1368 1343 andererſeits wohl in nicht allzu langer Zeit den Beweis führen können,
46 1339 1368 1410 daß der Krieg, welcher das Papſtthum um ſeinen kaiſerlichen Beſchützer
48 1386 1368 1462 gebracht hat, und das Concil, welches der ſtaunenden Welt die Unfehl⸗
48 1444 1370 1514 barkeit verkündigte, in der Wurzel zuſammenhängen, daß eine und dieſelbe
50 1508 1368 1572 Jeſuitenpolitik in Rom zur Unfehlbarkeitserklärung gedrängt, in Paris
50 1558 1368 1634 an dem Kriege gegen die Vormacht des deutſchen Proteſtantismus geſchürt,
50 1618 1368 1686 in Wien für Betheiligung an dem Streite intriguirt, in Bayern für landes⸗
48 1672 1368 1745 verrätheriſche Neutralität agitirt hat. Wenn ſich das Papſtthum zum
50 1731 1368 1797 Werkzeug für dieſe Politik hergab und darüber ſeine weltliche Herrſchaft
46 1789 1364 1855 verlor, ſo hat es nur geerndtet, was es ſelbſt geſät hatte: die Niederlage,
44 1843 1366 1915 die es erlitten hat, iſt nicht blos eine wohlverdiente Strafe, ſondern auch
44 1899 848 1967 eine geſchichtliche Folge ſeiner Verſchuldung.
136 1951 1364 2029 Doch iſt der Verluſt des Kirchenſtaats wirkich ein ſo ſchwerer Schlag
46 2003 1362 2080 für das Papſtthum, die Unfehlbarkeitserklärung wirklich ein ſo verhäng⸗
48 2066 1033 2136 nißvoller Schritt, wie wir bisher angenommen haben?
130 2118 1368 2190 In der katholiſchen Kirche ſind bekanntlich die Meinungen über die
48 2176 1366 2246 Unentbehrlichkeit ihres Territorialbeſitzes getheilt. Schon vor 10 Jahren,
44 2232 1370 2302 als erſt ein Theil des päpſtlichen Gebiets mit dem Königreich Italien
46 2286 1370 2382 vereinigt war, ſprachen hervorragende und ihrer Kirche aufrichtig ergebene
690 16 730 80 2
