<?xml version="1.0" encoding="UTF-8"  standalone="yes"?>
<PcGts xmlns="http://schema.primaresearch.org/PAGE/gts/pagecontent/2019-07-15" xmlns:xsi="http://www.w3.org/2001/XMLSchema-instance" xsi:schemaLocation="http://schema.primaresearch.org/PAGE/gts/pagecontent/2019-07-15 http://schema.primaresearch.org/PAGE/gts/pagecontent/2019-07-15/pagecontent.xsd">
  <Metadata externalRef="http://idb.ub.uni-tuebingen.de/opendigi/image/zeller1871/zeller1871_00013.jp2/full/full/0/default.jpg">
	<Creator>escriptorium</Creator>
	<Created>2022-03-14T15:00:23.697241+00:00</Created>
        <LastChange>2022-03-14T15:00:23.697255+00:00</LastChange>
  </Metadata>
  <Page imageFilename="zeller1871_00013.jpg" imageWidth="1420" imageHeight="2424">
    <TextRegion id="eSc_textblock_43f1b31c"  >
      <Coords points="1382,2336 1360,2374 48,2374 43,150 544,134 1366,145 1382,2336"/>
      <TextLine id="eSc_line_b5581968" >
        <Coords points="49,173 47,130 1352,129 1356,169 1355,183 49,189"/>
        <Baseline points="49,173 1356,169"/>
        <TextEquiv>
          <Unicode>war ſeit Menſchengedenken in denſelben endemiſch, Anleihen und Peters⸗</Unicode>
        </TextEquiv>
      </TextLine>
      <TextLine id="eSc_line_4a159c0c" >
        <Coords points="47,232 45,185 354,192 402,183 413,181 413,181 413,181 414,181 414,181 416,181 423,183 444,188 455,183 458,181 458,181 458,181 459,181 459,181 460,181 579,181 579,181 588,183 652,191 676,181 677,181 677,181 679,181 679,181 679,181 831,180 832,180 832,180 842,181 897,189 943,180 948,180 948,180 948,180 949,180 949,180 951,180 951,180 952,180 979,191 1092,191 1108,183 1108,183 1110,183 1110,183 1110,183 1111,183 1111,183 1111,183 1147,189 1331,189 1355,179 1359,227 1358,239 1158,239 1155,239 1134,246 1133,246 1133,246 1131,246 45,243"/>
        <Baseline points="47,232 657,226 1359,227"/>
        <TextEquiv>
          <Unicode>pfennige waren zu ſtehenden Einnahmsquellen geworden. Es könnte in⸗</Unicode>
        </TextEquiv>
      </TextLine>
      <TextLine id="eSc_line_a8b713a4" >
        <Coords points="49,288 48,242 192,246 202,241 208,238 208,238 208,238 210,238 210,238 211,238 282,238 282,238 282,238 284,238 293,241 309,246 326,241 336,238 338,238 338,238 339,238 339,238 367,241 400,245 413,241 427,237 428,237 428,237 428,237 429,237 429,237 458,241 483,245 563,241 672,235 673,235 673,235 711,241 731,243 738,241 751,235 751,235 753,235 753,235 753,235 754,235 754,235 754,235 778,241 788,242 797,241 833,234 833,234 835,234 835,234 835,234 870,241 881,242 895,241 945,234 945,234 947,234 1052,241 1088,242 1355,241 1359,281 1358,300 110,300 49,307"/>
        <Baseline points="49,288 1359,281"/>
        <TextEquiv>
          <Unicode>ſofern ſcheinen, der Papſt werde ſich bei der Civilliſte, an der Italien</Unicode>
        </TextEquiv>
      </TextLine>
      <TextLine id="eSc_line_a309da49" >
        <Coords points="48,340 44,304 78,294 79,294 79,294 80,294 394,301 408,294 408,294 408,294 409,294 409,294 409,294 410,294 482,300 499,293 499,293 501,293 501,293 501,293 502,293 665,300 685,293 685,293 687,293 687,293 688,293 886,300 978,292 979,292 1356,300 1359,336 1358,350 1317,358 1317,358 1317,359 1120,359 1119,358 1119,358 1118,358 1118,358 1100,351 1099,351 1084,351 932,358 930,358 930,358 889,352 859,359 858,359 858,359 856,359 47,354"/>
        <Baseline points="48,340 1359,336"/>
        <TextEquiv>
          <Unicode>nicht gekargt hat, am Ende wohl beſſer ſtellen, als bei der bisherigen Un⸗</Unicode>
        </TextEquiv>
      </TextLine>
      <TextLine id="eSc_line_ef27f03c" >
        <Coords points="47,398 44,355 84,351 86,351 86,351 86,351 87,351 98,355 113,359 122,355 129,351 129,351 129,351 130,351 130,351 132,351 211,351 211,351 211,351 212,351 226,355 238,358 243,355 249,351 250,351 250,351 251,351 251,351 251,351 361,350 362,350 362,350 363,350 378,355 390,358 401,355 416,350 417,350 417,350 417,350 418,350 418,350 462,355 494,358 501,355 510,350 510,350 510,350 511,350 511,350 511,350 513,350 513,350 545,355 569,358 637,355 750,348 751,348 751,348 809,355 832,356 877,355 1010,347 1011,347 1011,347 1062,355 1071,355 1079,355 1126,348 1126,348 1127,348 1127,348 1128,348 1151,354 1173,346 1173,346 1174,346 1174,346 1176,346 1176,346 1176,346 1219,355 1356,355 1359,391 1358,412 47,412"/>
        <Baseline points="47,398 1359,391"/>
        <TextEquiv>
          <Unicode>ordnung ſeines Staatshaushalts. Allein ſo groß dieſe auch ſein mochte,</Unicode>
        </TextEquiv>
      </TextLine>
      <TextLine id="eSc_line_d7214ee4" >
        <Coords points="48,455 47,412 487,412 493,410 541,404 541,404 542,404 542,404 542,404 573,410 577,410 584,410 635,404 635,404 637,404 828,409 870,410 889,409 982,402 983,402 1186,409 1207,409 1219,409 1332,401 1333,401 1333,401 1333,401 1335,401 1360,409 1360,448 1358,465 1001,461 979,468 978,468 976,468 976,468 976,468 975,468 975,468 974,468 972,468 945,461 917,468 917,468 916,468 916,468 916,468 691,469 689,469 689,469 688,469 687,469 660,463 464,463 420,471 417,471 417,471 416,471 416,471 416,471 414,471 413,471 393,464 289,471 289,471 288,471 288,471 288,471 288,471 245,464 154,471 153,471 153,471 84,464 49,472"/>
        <Baseline points="48,455 503,448 1360,448"/>
        <TextEquiv>
          <Unicode>ſo ließ ſie ihm doch immer die Möglichkeit, für ſeine kirchenpolitiſchen</Unicode>
        </TextEquiv>
      </TextLine>
      <TextLine id="eSc_line_9ebf7164" >
        <Coords points="51,511 47,475 70,464 70,464 71,464 71,464 71,464 72,464 72,464 113,471 125,463 126,463 126,463 126,463 127,463 127,463 127,463 129,463 219,469 285,461 285,461 286,461 286,461 286,461 328,469 355,461 357,461 357,461 357,461 358,461 497,465 540,459 540,459 541,459 1007,465 1034,455 1034,455 1036,455 1036,455 1037,455 1037,455 1037,455 1085,464 1240,457 1242,457 1358,464 1360,500 1359,517 868,525 867,525 807,523 653,519 642,525 642,526 641,526 641,526 641,526 639,526 639,526 638,526 638,526 638,526 633,526 598,518 381,526 379,526 224,521 180,530 179,530 179,530 179,530 177,530 177,530 176,530 99,522 51,531"/>
        <Baseline points="51,511 1360,500"/>
        <TextEquiv>
          <Unicode>Zwecke, wenn es ſein mußte, bedeutende Opfer zu bringen; der Beherr⸗</Unicode>
        </TextEquiv>
      </TextLine>
      <TextLine id="eSc_line_037f12d1" >
        <Coords points="49,566 48,519 219,523 296,519 374,515 375,515 487,521 569,523 583,521 603,515 604,515 604,515 606,515 606,515 658,521 688,523 695,521 705,515 705,515 705,515 707,515 707,515 708,515 839,521 843,521 843,521 866,514 867,514 867,514 867,514 868,514 868,514 870,514 895,521 899,523 1096,523 1098,522 1115,514 1115,514 1116,514 1116,514 1118,514 1220,514 1220,514 1220,514 1221,514 1221,514 1240,522 1240,523 1360,523 1362,560 1360,573 49,580"/>
        <Baseline points="49,566 362,560 1362,560"/>
        <TextEquiv>
          <Unicode>ſcher des Kirchenſtaats fand immer noch Kredit, wenn auch meiſt unter</Unicode>
        </TextEquiv>
      </TextLine>
      <TextLine id="eSc_line_e47a8610" >
        <Coords points="49,619 47,583 113,581 126,572 127,572 127,572 127,572 129,572 129,572 130,572 130,572 187,580 245,572 245,572 246,572 394,579 412,570 412,570 412,570 413,570 413,570 414,570 974,577 1056,568 1056,568 1057,568 1057,568 1100,576 1116,568 1116,568 1116,568 1118,568 1118,568 1119,568 1359,577 1362,614 1360,630 49,632"/>
        <Baseline points="49,619 1362,614"/>
        <TextEquiv>
          <Unicode>ungünſtigen Bedingungen; und was er hatte, das beſaß er aus eigenem</Unicode>
        </TextEquiv>
      </TextLine>
      <TextLine id="eSc_line_f6105cc2" >
        <Coords points="48,677 47,632 126,634 136,631 154,626 156,626 156,626 156,626 157,626 157,626 188,631 208,634 233,631 270,626 270,626 272,626 347,630 417,634 425,630 433,626 433,626 433,626 435,626 435,626 435,626 714,624 715,624 715,624 716,624 716,624 716,624 718,624 722,627 728,632 949,632 1065,626 1114,623 1115,623 1115,623 1116,623 1126,626 1149,632 1283,632 1359,624 1362,670 1362,682 1336,690 1335,690 1335,690 1333,690 1134,685 1092,684 1061,685 945,692 944,692 944,692 944,692 917,686 910,685 813,686 588,692 587,692 551,689 507,685 409,685 401,690 394,693 394,693 394,693 393,693 393,693 392,693 47,692"/>
        <Baseline points="48,677 475,670 1362,670"/>
        <TextEquiv>
          <Unicode>Rechte. In Zukunft wird es ſich damit anders verhalten. Auf die päpſt⸗</Unicode>
        </TextEquiv>
      </TextLine>
      <TextLine id="eSc_line_9bdadc8b" >
        <Coords points="48,732 45,690 202,684 203,684 268,689 299,692 309,689 328,684 330,684 330,684 330,684 331,684 331,684 369,689 390,692 416,689 471,682 471,682 472,682 472,682 472,682 474,682 474,682 489,689 493,690 497,689 515,681 515,681 517,681 517,681 517,681 518,681 635,688 703,680 703,680 704,680 839,681 839,681 839,681 840,681 840,681 859,688 863,689 1139,689 1143,688 1174,681 1174,681 1174,681 1176,681 1359,688 1362,724 1359,743 1143,737 1128,744 1127,744 1127,744 1126,744 1126,744 1126,746 48,746"/>
        <Baseline points="48,732 1362,724"/>
        <TextEquiv>
          <Unicode>liche Civilliſte läßt ſich nicht ebenſo leicht Geld aufnehmen, als auf die</Unicode>
        </TextEquiv>
      </TextLine>
      <TextLine id="eSc_line_5c6c0ad0" >
        <Coords points="47,785 45,740 342,747 367,740 375,739 377,739 377,739 378,739 378,739 379,739 379,739 379,739 381,739 383,742 394,748 444,748 485,742 513,737 513,737 514,737 970,743 1081,744 1096,744 1212,736 1213,736 1213,736 1213,736 1215,736 1243,744 1244,746 1360,746 1363,781 1362,795 1224,795 1223,795 1199,802 1197,802 1197,802 1196,802 959,797 908,803 908,803 906,803 906,803 859,797 859,797 858,797 813,803 813,803 813,805 723,805 722,803 722,803 720,803 720,803 720,803 719,803 710,797 708,797 490,797 487,797 475,803 475,803 475,803 474,803 474,803 474,803 472,803 346,798 338,798 335,798 285,805 285,805 284,805 45,798"/>
        <Baseline points="47,785 1363,781"/>
        <TextEquiv>
          <Unicode>Einkünfte eines Landes, da der Nachfolger ſchwerlich genöthigt werden</Unicode>
        </TextEquiv>
      </TextLine>
      <TextLine id="eSc_line_e851a4cb" >
        <Coords points="48,844 45,797 107,794 109,794 109,794 109,794 110,794 117,797 144,805 195,797 212,794 212,794 214,794 214,794 215,794 226,797 251,803 273,797 285,793 286,793 286,793 288,793 369,793 369,793 369,793 370,793 370,793 382,797 402,803 451,797 497,791 497,791 498,791 681,798 780,801 870,798 1006,794 1007,794 1069,798 1084,799 1087,799 1104,793 1104,793 1106,793 1106,793 1107,793 1107,793 1108,793 1134,799 1138,799 1157,799 1336,789 1337,789 1337,789 1337,789 1339,789 1339,789 1339,789 1358,799 1359,836 1356,855 1188,848 1146,855 1139,856 1139,856 1138,856 47,855"/>
        <Baseline points="48,844 1359,836"/>
        <TextEquiv>
          <Unicode>könnte, die Schulden ſeines Vorgängers aus ſeinem Gehalte zu bezahlen;</Unicode>
        </TextEquiv>
      </TextLine>
      <TextLine id="eSc_line_2d66ce09" >
        <Coords points="47,898 45,853 243,859 255,853 261,851 261,851 261,851 262,851 262,851 264,851 350,851 350,851 350,851 351,851 351,851 359,853 374,859 388,853 396,851 396,851 397,851 397,851 397,851 506,849 507,849 507,849 509,849 509,849 520,853 529,859 654,859 661,853 668,849 669,849 669,849 669,849 670,849 670,849 672,849 672,849 726,855 750,856 757,855 777,848 778,848 778,848 780,848 885,848 885,848 885,848 886,848 886,848 886,848 887,848 897,855 901,857 943,857 956,855 1002,848 1002,848 1003,848 1003,848 1003,848 1005,848 1025,855 1029,856 1030,855 1038,848 1038,848 1040,848 1040,848 1040,848 1041,848 1041,848 1042,848 1042,848 1042,848 1044,848 1065,855 1067,855 1069,855 1123,848 1123,848 1124,848 1255,855 1256,855 1258,855 1316,847 1316,847 1317,847 1317,847 1317,847 1360,856 1363,892 1362,906 47,911"/>
        <Baseline points="47,898 1363,892"/>
        <TextEquiv>
          <Unicode>und wenn ein Papſt ſich mit der Regierung überwirft, von der er ſeine</Unicode>
        </TextEquiv>
      </TextLine>
      <TextLine id="eSc_line_8b50fcaf" >
        <Coords points="47,954 44,915 308,904 309,904 401,913 402,914 441,914 443,913 455,904 456,904 456,904 456,904 458,904 458,904 459,904 611,911 631,903 631,903 633,903 633,903 633,903 634,903 862,910 901,902 901,902 901,902 902,902 1092,910 1096,910 1098,910 1155,900 1155,900 1155,900 1157,900 1157,900 1158,900 1190,909 1221,900 1223,900 1223,900 1223,900 1224,900 1360,910 1363,948 1362,966 47,972"/>
        <Baseline points="47,954 1363,948"/>
        <TextEquiv>
          <Unicode>Civilliſte bezieht, ſo wird unter gegebenen Verhältniſſen weder ein Landes⸗</Unicode>
        </TextEquiv>
      </TextLine>
      <TextLine id="eSc_line_142e0687" >
        <Coords points="47,1016 45,966 145,976 187,976 202,966 203,965 204,965 204,965 204,965 206,965 206,965 207,965 207,965 207,965 215,966 262,974 320,966 342,964 342,964 343,964 343,964 363,966 406,973 490,966 548,962 549,962 549,962 549,962 569,966 587,970 612,966 646,962 646,962 648,962 648,962 687,966 727,973 784,973 792,968 801,961 802,961 802,961 802,961 804,961 804,961 804,961 805,961 805,961 847,968 870,970 897,968 953,961 955,961 1360,969 1363,1005 1362,1020 47,1028"/>
        <Baseline points="47,1016 414,1008 1363,1005"/>
        <TextEquiv>
          <Unicode>geſetz noch ein internationaler Vertrag dieſe verhindern können, gegen</Unicode>
        </TextEquiv>
      </TextLine>
      <TextLine id="eSc_line_cef0105e" >
        <Coords points="47,1067 44,1028 84,1019 84,1019 84,1019 86,1019 86,1019 142,1026 152,1019 153,1019 153,1019 153,1019 154,1019 154,1019 156,1019 506,1024 529,1018 530,1018 530,1018 530,1018 532,1018 683,1024 780,1016 781,1016 975,1023 1031,1015 1031,1015 1033,1015 1033,1015 1033,1015 1072,1023 1359,1023 1362,1062 1360,1085 47,1085"/>
        <Baseline points="47,1067 1362,1062"/>
        <TextEquiv>
          <Unicode>päpſtliche Maßregeln, die ſie für ungerecht hält, Repreſſalien zu ergreifen,</Unicode>
        </TextEquiv>
      </TextLine>
      <TextLine id="eSc_line_1972cfa7" >
        <Coords points="47,1124 44,1088 115,1078 115,1078 117,1078 117,1078 118,1078 118,1078 137,1085 258,1078 260,1078 366,1085 397,1077 398,1077 398,1077 400,1077 400,1077 454,1084 502,1077 502,1077 503,1077 503,1077 503,1077 505,1077 505,1077 524,1084 708,1075 710,1075 800,1082 951,1075 952,1075 952,1075 995,1082 1321,1074 1322,1074 1322,1074 1362,1082 1364,1119 1363,1132 47,1140"/>
        <Baseline points="47,1124 1364,1119"/>
        <TextEquiv>
          <Unicode>und auf eine Excommunication oder einen ähnlichen Akt der geiſtlichen</Unicode>
        </TextEquiv>
      </TextLine>
      <TextLine id="eSc_line_3c3faf8f" >
        <Coords points="51,1182 48,1137 255,1135 257,1135 257,1135 258,1135 258,1135 262,1136 278,1143 315,1136 332,1133 332,1133 332,1133 334,1133 334,1133 335,1133 335,1133 343,1136 363,1143 385,1136 390,1135 392,1135 392,1135 393,1135 393,1135 409,1136 472,1143 493,1136 499,1133 499,1133 501,1133 501,1133 502,1133 502,1133 534,1136 572,1139 596,1136 623,1132 623,1132 625,1132 708,1132 708,1132 708,1132 710,1132 720,1135 740,1141 987,1141 998,1135 1002,1132 1003,1132 1003,1132 1005,1132 1005,1132 1005,1132 1006,1132 1038,1135 1098,1140 1108,1135 1119,1129 1119,1129 1119,1129 1120,1129 1120,1129 1122,1129 1122,1129 1161,1135 1195,1139 1204,1135 1215,1129 1215,1129 1215,1129 1216,1129 1216,1129 1217,1129 1217,1129 1219,1129 1219,1129 1219,1129 1230,1135 1239,1139 1258,1135 1275,1131 1275,1131 1275,1131 1277,1131 1277,1131 1278,1131 1278,1131 1287,1135 1301,1139 1360,1135 1364,1175 1363,1187 51,1194"/>
        <Baseline points="51,1182 1364,1175"/>
        <TextEquiv>
          <Unicode>Jurisdiction mit einer Temporalienſperre zu antworten. Wer im Leib⸗</Unicode>
        </TextEquiv>
      </TextLine>
      <TextLine id="eSc_line_6e2439c3" >
        <Coords points="48,1237 45,1202 99,1191 99,1191 99,1191 101,1191 258,1199 272,1191 273,1191 273,1191 273,1191 274,1191 274,1191 276,1191 276,1191 344,1198 361,1191 361,1191 362,1191 362,1191 362,1191 363,1191 363,1191 363,1191 365,1191 386,1198 549,1191 551,1191 551,1191 551,1191 587,1198 641,1190 641,1190 642,1190 840,1197 886,1189 886,1189 886,1189 887,1189 887,1189 889,1189 921,1197 934,1190 934,1190 934,1190 936,1190 936,1190 937,1190 1145,1195 1184,1187 1184,1187 1184,1187 1185,1187 1185,1187 1185,1187 1227,1195 1267,1187 1267,1187 1267,1187 1269,1187 1360,1197 1363,1232 1360,1253 398,1249 371,1257 370,1257 370,1257 370,1257 370,1257 369,1257 369,1257 369,1257 367,1257 367,1257 350,1251 144,1257 142,1257 142,1257 91,1251 48,1259"/>
        <Baseline points="48,1237 1363,1232"/>
        <TextEquiv>
          <Unicode>geding ſitzt, der iſt nun einmal weniger unabhängig, als wer ſein eigenes</Unicode>
        </TextEquiv>
      </TextLine>
      <TextLine id="eSc_line_3472b6e2" >
        <Coords points="47,1292 44,1255 84,1245 84,1245 84,1245 86,1245 86,1245 87,1245 121,1253 192,1247 192,1247 194,1247 194,1247 195,1247 219,1253 223,1255 227,1253 250,1245 250,1245 251,1245 251,1245 253,1245 439,1251 476,1244 476,1244 476,1244 478,1244 478,1244 533,1253 537,1253 541,1253 579,1244 579,1244 579,1244 580,1244 580,1244 580,1244 618,1252 643,1244 645,1244 645,1244 645,1244 646,1244 646,1244 696,1249 749,1242 749,1242 750,1242 750,1242 823,1252 824,1253 1029,1253 1031,1252 1069,1245 1069,1245 1071,1245 1071,1245 1126,1251 1155,1242 1157,1242 1157,1242 1158,1242 1158,1242 1158,1242 1204,1252 1362,1252 1364,1287 1363,1304 47,1307"/>
        <Baseline points="47,1292 1364,1287"/>
        <TextEquiv>
          <Unicode>Gut bewirthſchaftet; wenn das Papſtthum gezwungen wird, ſich auf den</Unicode>
        </TextEquiv>
      </TextLine>
      <TextLine id="eSc_line_fe2b3832" >
        <Coords points="48,1346 45,1306 424,1302 425,1302 458,1306 485,1308 522,1306 587,1300 588,1300 588,1300 635,1306 650,1307 656,1306 669,1300 669,1300 670,1300 670,1300 670,1300 672,1300 745,1306 767,1307 777,1306 807,1300 807,1300 807,1300 808,1300 808,1300 809,1300 809,1300 809,1300 811,1300 819,1306 823,1308 894,1308 899,1306 924,1299 925,1299 925,1299 926,1299 926,1299 926,1299 928,1299 928,1299 944,1306 944,1306 948,1306 1044,1299 1045,1299 1045,1299 1045,1299 1083,1306 1084,1307 1363,1307 1366,1342 1366,1358 48,1364"/>
        <Baseline points="48,1346 1366,1342"/>
        <TextEquiv>
          <Unicode>Altentheil zurückzuziehen, ſo hat es unſtreitig an ſeiner ökonomiſchen, eben</Unicode>
        </TextEquiv>
      </TextLine>
      <TextLine id="eSc_line_be895aa3" >
        <Coords points="48,1404 44,1369 67,1360 67,1360 68,1360 68,1360 70,1360 70,1360 70,1360 71,1360 71,1360 87,1366 113,1360 114,1360 114,1360 115,1360 281,1366 308,1358 309,1358 309,1358 309,1358 311,1358 311,1358 311,1358 346,1365 437,1358 439,1358 552,1358 552,1358 552,1358 553,1358 553,1358 572,1365 595,1357 595,1357 596,1357 596,1357 598,1357 781,1364 917,1356 918,1356 1096,1362 1228,1354 1230,1354 1360,1362 1363,1397 1362,1412 48,1419"/>
        <Baseline points="48,1404 1363,1397"/>
        <TextEquiv>
          <Unicode>damit aber auch an ſeiner kirchlichen Unabhängigkeit eine empfindliche Ein⸗</Unicode>
        </TextEquiv>
      </TextLine>
      <TextLine id="eSc_line_6da3d393" >
        <Coords points="48,1461 47,1415 87,1422 125,1418 156,1414 156,1414 157,1414 157,1414 157,1414 158,1414 158,1414 160,1414 160,1414 160,1415 165,1419 171,1423 195,1420 241,1414 241,1414 242,1414 242,1414 243,1414 243,1414 243,1414 260,1422 262,1424 304,1424 307,1459 305,1471 48,1477"/>
        <Baseline points="48,1461 307,1459"/>
        <TextEquiv>
          <Unicode>buße erlitten.</Unicode>
        </TextEquiv>
      </TextLine>
      <TextLine id="eSc_line_744bee29" >
        <Coords points="134,1517 133,1473 358,1474 401,1471 499,1465 501,1465 501,1465 501,1465 502,1465 502,1465 502,1465 503,1465 513,1471 513,1471 517,1471 549,1466 549,1466 551,1466 551,1466 551,1466 582,1471 592,1473 595,1471 603,1465 604,1465 604,1465 604,1465 606,1465 606,1465 606,1465 607,1465 607,1465 656,1471 662,1471 668,1471 708,1463 708,1463 708,1463 710,1463 833,1470 855,1471 858,1470 868,1462 868,1462 870,1462 870,1462 871,1462 871,1462 871,1462 873,1462 996,1467 1116,1461 1118,1461 1362,1470 1364,1510 1363,1525 134,1531"/>
        <Baseline points="134,1517 1364,1510"/>
        <TextEquiv>
          <Unicode>So wenig der Kirchenſtaat, ſeit ſeiner Wiederherſtellung im Jahr</Unicode>
        </TextEquiv>
      </TextLine>
      <TextLine id="eSc_line_0778801b" >
        <Coords points="49,1572 47,1527 273,1525 274,1525 274,1525 281,1527 309,1532 389,1527 427,1524 428,1524 428,1524 458,1527 506,1531 685,1527 916,1521 917,1521 1050,1527 1084,1528 1089,1527 1112,1520 1114,1520 1114,1520 1114,1520 1115,1520 1115,1520 1154,1527 1155,1527 1155,1527 1205,1520 1205,1520 1207,1520 1358,1528 1360,1566 1359,1587 49,1587"/>
        <Baseline points="49,1572 1360,1566"/>
        <TextEquiv>
          <Unicode>1814, für ſeine Finanzen das fremde Geld entbehren konnte, ebenſowenig</Unicode>
        </TextEquiv>
      </TextLine>
      <TextLine id="eSc_line_21f4ee5a" >
        <Coords points="48,1629 45,1589 102,1583 103,1583 103,1583 145,1587 181,1591 243,1587 327,1582 328,1582 328,1582 382,1587 417,1590 433,1587 462,1580 462,1580 462,1580 463,1580 542,1586 560,1587 575,1586 634,1580 634,1580 635,1580 635,1580 664,1586 665,1586 665,1586 676,1579 677,1579 677,1579 679,1579 679,1579 679,1579 680,1579 800,1586 816,1586 837,1586 1036,1576 1037,1576 1037,1576 1111,1585 1116,1585 1123,1585 1255,1575 1256,1575 1256,1575 1256,1575 1258,1575 1258,1575 1281,1585 1362,1585 1364,1620 1363,1633 800,1644 798,1644 47,1642"/>
        <Baseline points="48,1629 1364,1620"/>
        <TextEquiv>
          <Unicode>konnte er zu ſeinem Schutze gegen die Unzufriedenheit der eigenen Unter⸗</Unicode>
        </TextEquiv>
      </TextLine>
      <TextLine id="eSc_line_1819dece" >
        <Coords points="45,1684 44,1640 223,1645 257,1638 268,1637 268,1637 269,1637 269,1637 285,1638 328,1644 371,1638 386,1637 386,1637 388,1637 388,1637 401,1638 443,1644 466,1638 482,1634 483,1634 483,1634 485,1634 485,1634 510,1638 529,1641 542,1638 556,1634 557,1634 557,1634 559,1634 670,1638 778,1641 794,1637 812,1633 813,1633 813,1633 815,1633 916,1633 916,1633 916,1633 917,1633 917,1633 926,1637 933,1641 1119,1641 1131,1637 1153,1630 1154,1630 1154,1630 1155,1630 1362,1637 1364,1676 1362,1692 1293,1692 1286,1694 1263,1700 1262,1700 1262,1700 1262,1700 1261,1700 1261,1700 1220,1695 1185,1690 1159,1695 1143,1699 1143,1699 1143,1699 1142,1699 1142,1699 1110,1696 1071,1692 1042,1696 1019,1700 1019,1700 1018,1700 1018,1700 996,1698 952,1691 918,1699 897,1703 897,1703 897,1703 895,1703 895,1703 894,1703 894,1703 894,1703 893,1703 886,1699 877,1694 750,1694 722,1700 718,1702 716,1702 716,1702 715,1702 715,1702 705,1700 646,1694 626,1702 619,1704 619,1704 618,1704 618,1704 618,1704 617,1704 617,1704 615,1704 615,1704 608,1702 586,1694 524,1703 521,1703 521,1703 520,1703 520,1703 520,1703 518,1703 518,1703 518,1703 498,1694 406,1694 320,1706 316,1706 316,1706 315,1706 307,1706 176,1699 45,1708"/>
        <Baseline points="45,1684 1364,1676"/>
        <TextEquiv>
          <Unicode>thanen und gegen die Begehrlichkeit ſeiner Nachbarn fremde Waffen ent⸗</Unicode>
        </TextEquiv>
      </TextLine>
      <TextLine id="eSc_line_e0f0814d" >
        <Coords points="48,1739 47,1694 214,1700 264,1694 264,1694 265,1694 408,1699 804,1688 831,1688 832,1688 836,1688 910,1696 940,1690 941,1690 941,1690 943,1690 1084,1694 1096,1687 1098,1687 1098,1687 1098,1687 1098,1687 1099,1687 1099,1687 1100,1687 1100,1687 1100,1687 1102,1687 1102,1687 1127,1695 1149,1687 1151,1686 1151,1686 1153,1686 1153,1686 1153,1686 1154,1686 1154,1686 1155,1686 1159,1686 1188,1694 1236,1686 1242,1686 1242,1686 1243,1686 1243,1686 1248,1686 1312,1694 1359,1686 1363,1731 1360,1752 1221,1746 1147,1753 1143,1753 1142,1753 1133,1753 982,1747 48,1757"/>
        <Baseline points="48,1739 1363,1731"/>
        <TextEquiv>
          <Unicode>behren. Erſt war es Oeſterreich, dann Frankreich, welches ſeine Schutz⸗</Unicode>
        </TextEquiv>
      </TextLine>
      <TextLine id="eSc_line_bba94c1d" >
        <Coords points="48,1796 47,1750 1124,1750 1128,1749 1151,1742 1153,1742 1153,1742 1154,1742 1363,1749 1366,1788 1368,1800 1358,1808 1358,1808 1356,1808 1356,1808 1356,1808 1355,1808 1355,1808 1353,1808 1157,1801 1153,1801 1150,1801 1052,1809 1052,1809 1050,1809 934,1803 933,1803 933,1803 902,1811 901,1811 901,1811 899,1811 710,1804 707,1804 707,1804 672,1812 670,1812 670,1812 669,1812 573,1805 483,1813 482,1813 296,1807 268,1815 266,1815 266,1815 266,1815 265,1815 47,1807"/>
        <Baseline points="48,1796 1366,1788"/>
        <TextEquiv>
          <Unicode>macht ſpielte, und beide ließen ſich die Dienſte, welche ſie dem Beherrſcher</Unicode>
        </TextEquiv>
      </TextLine>
      <TextLine id="eSc_line_c005f009" >
        <Coords points="47,1851 44,1812 572,1801 573,1801 656,1808 668,1808 689,1808 831,1800 832,1800 918,1800 918,1800 918,1800 920,1800 920,1800 920,1800 921,1800 930,1805 932,1807 948,1805 1021,1800 1022,1800 1022,1800 1022,1800 1023,1800 1044,1805 1050,1807 1065,1805 1107,1800 1107,1800 1108,1800 1360,1804 1363,1844 1362,1862 47,1871"/>
        <Baseline points="47,1851 1363,1844"/>
        <TextEquiv>
          <Unicode>des Kirchenſtaats geleiſtet hatten, von dem Oberhaupt der Kirche bezahlen.</Unicode>
        </TextEquiv>
      </TextLine>
      <TextLine id="eSc_line_aa8ff8a6" >
        <Coords points="48,1910 47,1865 598,1865 602,1862 610,1857 611,1857 611,1857 612,1857 612,1857 612,1857 711,1855 712,1855 868,1861 921,1862 940,1861 995,1854 995,1854 996,1854 1119,1859 1151,1861 1158,1859 1185,1853 1186,1853 1186,1853 1188,1853 1360,1859 1362,1904 1359,1921 939,1916 808,1916 796,1924 794,1924 794,1924 794,1924 793,1924 793,1924 792,1924 792,1924 726,1917 714,1925 712,1925 712,1925 712,1925 711,1925 711,1925 711,1925 710,1925 710,1925 710,1925 710,1925 708,1925 708,1925 689,1919 652,1925 652,1925 652,1925 650,1925 540,1919 485,1927 485,1927 485,1927 483,1927 483,1927 377,1920 198,1928 196,1928 113,1921 48,1929"/>
        <Baseline points="48,1910 778,1901 1362,1904"/>
        <TextEquiv>
          <Unicode>Hier ſcheint daher ein Punkt zu ſein, auf welchem die kirchliche Stellung</Unicode>
        </TextEquiv>
      </TextLine>
      <TextLine id="eSc_line_24364a9c" >
        <Coords points="47,1964 43,1925 105,1917 105,1917 106,1917 106,1917 160,1924 165,1924 171,1924 212,1917 212,1917 214,1917 544,1921 606,1921 615,1920 668,1913 668,1913 669,1913 855,1919 864,1919 866,1919 877,1912 878,1912 878,1912 879,1912 879,1912 879,1912 881,1912 967,1919 982,1919 991,1917 1046,1910 1046,1910 1048,1910 1143,1917 1158,1917 1161,1917 1178,1909 1178,1909 1180,1909 1180,1909 1180,1909 1181,1909 1362,1916 1364,1955 1362,1976 1219,1970 1180,1978 1174,1978 1174,1978 1174,1978 1173,1978 1147,1978 987,1971 960,1978 952,1979 951,1979 951,1979 949,1979 949,1979 933,1978 891,1972 796,1978 739,1980 738,1980 738,1980 718,1978 689,1974 676,1978 666,1980 665,1980 665,1980 665,1980 664,1980 602,1978 537,1975 530,1978 525,1982 524,1982 524,1982 522,1982 522,1982 522,1982 521,1982 521,1982 490,1978 467,1975 445,1978 412,1983 412,1983 410,1983 45,1978"/>
        <Baseline points="47,1964 1364,1955"/>
        <TextEquiv>
          <Unicode>des Papſtthums durch den Verluſt ſeines weltlichen Beſitzes ſich wirklich</Unicode>
        </TextEquiv>
      </TextLine>
      <TextLine id="eSc_line_54c67e85" >
        <Coords points="48,2022 45,1976 1362,1972 1366,2011 1363,2032 1246,2025 1205,2033 1200,2033 1200,2033 1200,2033 1199,2033 1178,2033 1053,2028 960,2033 932,2034 930,2034 930,2034 918,2033 877,2028 862,2033 856,2036 856,2036 855,2036 855,2036 855,2036 854,2036 854,2036 852,2036 852,2036 852,2036 847,2033 839,2029 627,2034 377,2040 375,2040 375,2040 347,2034 338,2033 300,2034 172,2041 171,2041 47,2034"/>
        <Baseline points="48,2022 1366,2011"/>
        <TextEquiv>
          <Unicode>verbeſſert hat. Und es iſt richtig: wenn man ſich in Rom erſt darein</Unicode>
        </TextEquiv>
      </TextLine>
      <TextLine id="eSc_line_d613c225" >
        <Coords points="48,2081 47,2034 176,2040 216,2033 234,2030 234,2030 235,2030 235,2030 235,2030 237,2030 237,2030 243,2033 253,2037 323,2033 363,2030 365,2030 365,2030 389,2032 440,2037 468,2032 487,2029 487,2029 487,2029 489,2029 489,2029 506,2032 529,2036 537,2032 546,2026 546,2026 546,2026 548,2026 548,2026 548,2026 631,2025 633,2025 633,2025 634,2025 634,2025 634,2025 648,2032 654,2034 661,2032 672,2026 672,2026 672,2026 673,2026 673,2026 674,2026 674,2026 674,2026 676,2026 691,2032 696,2033 700,2032 711,2024 712,2024 712,2024 714,2024 714,2024 714,2024 715,2024 854,2030 889,2032 894,2030 914,2022 914,2022 916,2022 916,2022 916,2022 917,2022 917,2022 918,2022 918,2022 939,2029 1009,2021 1009,2021 1010,2021 1010,2021 1088,2029 1100,2030 1107,2029 1149,2021 1149,2021 1150,2021 1150,2021 1213,2028 1292,2018 1292,2018 1293,2018 1293,2018 1366,2029 1367,2069 1366,2084 48,2099"/>
        <Baseline points="48,2081 790,2069 1367,2069"/>
        <TextEquiv>
          <Unicode>gefunden haben wird, dieſen Verluſt für unwiderruflich anzuſehen, ſo wird</Unicode>
        </TextEquiv>
      </TextLine>
      <TextLine id="eSc_line_ce05c954" >
        <Coords points="48,2134 45,2098 210,2095 245,2085 246,2085 246,2085 247,2085 247,2085 335,2092 405,2084 405,2084 406,2084 406,2084 467,2092 468,2092 470,2092 517,2085 517,2085 518,2085 518,2085 563,2091 586,2083 586,2083 587,2083 587,2083 588,2083 588,2083 642,2091 646,2091 749,2091 750,2090 762,2081 763,2081 763,2081 765,2081 765,2081 765,2081 766,2081 885,2088 891,2088 894,2088 937,2080 937,2080 939,2080 939,2080 1003,2087 1017,2088 1019,2087 1034,2079 1034,2079 1034,2079 1036,2079 1036,2079 1036,2079 1037,2079 1037,2079 1087,2087 1095,2087 1104,2085 1161,2079 1161,2079 1162,2079 1364,2084 1367,2123 1366,2145 48,2149"/>
        <Baseline points="48,2134 1367,2123"/>
        <TextEquiv>
          <Unicode>man nicht mehr nöthig haben, fremden Regierungen um des Kirchenſtaats</Unicode>
        </TextEquiv>
      </TextLine>
      <TextLine id="eSc_line_ac570717" >
        <Coords points="48,2191 47,2145 231,2151 266,2145 273,2143 273,2143 273,2143 274,2143 274,2143 284,2145 330,2150 346,2145 351,2142 351,2142 352,2142 352,2142 354,2142 354,2142 354,2142 366,2145 393,2150 445,2145 478,2141 478,2141 479,2141 553,2145 622,2147 629,2145 633,2141 634,2141 634,2141 634,2141 635,2141 635,2141 635,2141 739,2139 740,2139 740,2139 774,2145 797,2147 839,2145 917,2138 918,2138 918,2138 968,2145 987,2146 1151,2145 1169,2145 1181,2135 1182,2135 1182,2135 1182,2135 1184,2135 1184,2135 1185,2135 1339,2135 1339,2135 1339,2135 1340,2135 1340,2135 1366,2145 1367,2181 1367,2201 48,2205"/>
        <Baseline points="48,2191 1367,2181"/>
        <TextEquiv>
          <Unicode>willen von der Kirche Polizeidienſte leiſten zu laſſen; man wird nicht mehr</Unicode>
        </TextEquiv>
      </TextLine>
      <TextLine id="eSc_line_60085954" >
        <Coords points="48,2244 47,2201 350,2204 394,2200 431,2197 432,2197 432,2197 432,2197 448,2200 467,2204 522,2200 583,2196 584,2196 584,2196 584,2196 603,2200 617,2203 666,2200 761,2195 762,2195 871,2200 910,2201 916,2200 933,2193 933,2193 934,2193 934,2193 936,2193 1236,2199 1294,2192 1294,2192 1296,2192 1296,2192 1363,2200 1366,2236 1366,2250 1041,2261 1040,2261 937,2254 933,2254 930,2254 873,2262 873,2262 871,2262 755,2255 751,2255 749,2255 692,2263 692,2263 691,2263 691,2263 691,2263 689,2263 689,2263 689,2263 676,2257 476,2265 475,2265 47,2259"/>
        <Baseline points="48,2244 1366,2236"/>
        <TextEquiv>
          <Unicode>den öſterreichiſchen Klerus, wie vor 1848, dem Abſolutismus eines Met⸗</Unicode>
        </TextEquiv>
      </TextLine>
      <TextLine id="eSc_line_701b8c7f" >
        <Coords points="48,2301 47,2257 117,2263 330,2263 348,2257 352,2255 354,2255 354,2255 354,2255 355,2255 385,2257 494,2262 540,2257 564,2254 564,2254 565,2254 645,2257 758,2261 769,2257 778,2252 778,2252 780,2252 780,2252 781,2252 781,2252 781,2252 782,2252 796,2257 809,2261 833,2257 860,2252 860,2252 862,2252 862,2252 862,2252 863,2252 863,2252 874,2257 883,2261 909,2257 937,2252 937,2252 939,2252 939,2252 987,2257 1030,2261 1068,2257 1122,2251 1123,2251 1362,2258 1364,2296 1363,2320 1286,2320 1285,2318 1285,2318 1285,2318 1283,2318 1283,2318 1261,2310 1037,2310 991,2318 983,2320 983,2320 982,2320 982,2320 967,2318 901,2312 890,2318 889,2318 889,2318 889,2318 889,2318 887,2318 887,2318 886,2318 886,2318 882,2318 824,2312 808,2318 805,2320 805,2320 804,2320 804,2320 804,2320 802,2320 769,2318 661,2313 648,2318 641,2321 641,2321 639,2321 639,2321 638,2321 638,2321 638,2321 622,2318 595,2313 568,2318 553,2321 553,2321 553,2321 552,2321 552,2321 530,2318 503,2314 495,2318 489,2321 489,2321 489,2321 487,2321 487,2321 487,2321 375,2323 374,2323 47,2317"/>
        <Baseline points="48,2301 1364,2296"/>
        <TextEquiv>
          <Unicode>ternich zur Verfügung zu ſtellen, oder dem franzöſiſchen, wie ſeit 1849,</Unicode>
        </TextEquiv>
      </TextLine>
      <TextLine id="eSc_line_a74c199b" >
        <Coords points="49,2358 48,2313 223,2318 254,2312 258,2312 258,2312 258,2312 260,2312 260,2312 264,2312 303,2318 505,2318 517,2312 520,2310 520,2310 521,2310 521,2310 521,2310 522,2310 522,2310 532,2312 569,2317 617,2312 638,2309 639,2309 778,2309 778,2309 778,2309 780,2309 780,2309 785,2310 800,2316 820,2310 833,2308 835,2308 835,2308 836,2308 836,2308 868,2310 905,2314 920,2310 930,2308 932,2308 932,2308 933,2308 933,2308 933,2308 949,2310 970,2314 1040,2310 1108,2306 1110,2306 1110,2306 1110,2306 1134,2310 1154,2313 1358,2310 1362,2351 1360,2375 1258,2382 1256,2382 1256,2382 1256,2382 1255,2382 1255,2382 1254,2382 1246,2376 1242,2374 1231,2376 1209,2380 1209,2380 1209,2380 1208,2380 1208,2380 1169,2376 1135,2372 1126,2376 1115,2380 1115,2380 1114,2380 1114,2380 1114,2380 1112,2380 1112,2380 1111,2380 1111,2380 1111,2380 1110,2380 1103,2376 1098,2374 963,2374 934,2376 899,2380 899,2380 898,2380 898,2380 864,2376 837,2374 819,2376 777,2384 777,2384 777,2384 776,2384 776,2384 728,2376 722,2376 720,2376 705,2384 705,2384 705,2384 704,2384 704,2384 704,2384 703,2384 606,2378 603,2378 600,2378 471,2386 470,2386 470,2386 470,2386 468,2386 439,2378 433,2376 431,2378 413,2386 413,2386 413,2386 412,2386 412,2386 410,2386 410,2386 352,2379 311,2387 311,2387 311,2387 309,2387 48,2378"/>
        <Baseline points="49,2358 1362,2351"/>
        <TextEquiv>
          <Unicode>die unwürdige Rolle des Einpeitſchers für Abgeordnetenwahlen und Ple⸗</Unicode>
        </TextEquiv>
      </TextLine>
    </TextRegion>
    <TextRegion id="eSc_textblock_eb5efc48"  >
      <Coords points="735,90 679,95 679,43 724,43 735,90"/>
      <TextLine id="eSc_line_04124a8c" >
        <Coords points="672,82 673,32 732,49 730,84 727,99 669,94"/>
        <Baseline points="672,82 730,84"/>
        <TextEquiv>
          <Unicode>11</Unicode>
        </TextEquiv>
      </TextLine>
    </TextRegion>
  </Page>
</PcGts>
