1478 2483
102 129 1415 194 aber davon, daß er wirklich erfolgt ſei, iſt nichts bekannt geworden, und
99 193 1415 257 eine nachhaltigere Bewegung, welche auch nur in Einer Kirchenprovinz
99 242 1415 310 oder einer größeren Stadt einen namhaften Theil der Bevölkerung ergrif⸗
97 300 1417 365 fen hätte, hat ſich nirgends, weder in Deutſchland noch außer Deutſch⸗
100 358 1417 417 land, vollzogen. Ob aber die neueſten Vorgänge in München hierin
99 416 1415 473 eine durchſchlagende Aenderung herbeiführen, wird ſchon die nächſte Zu⸗
96 467 351 537 kunft lehren.
186 520 1421 590 Bei der Beurtheilung dieſes Verlaufs darf man nun freilich nicht
99 576 1415 649 überſehen, daß die Zeitverhältniſſe der päpſtlichen Politik in ganz un⸗
99 633 1415 700 erwarteter Weiſe zu Hülfe kamen. Der plötzliche Ausbruch des deutſch⸗
100 691 1417 757 franzöſiſchen Kriegs nahm die Aufmerkſamkeit der Welt ſo ausſchließlich
100 747 1418 815 in Anſpruch, daß für die dogmatiſchen Verhandlungen im Vatican kaum
96 800 1417 871 noch ein Kleinſtes von Intereſſe übrig blieb. Neben dem gewaltigen
99 856 1417 921 Ringen der Völker, neben dem Rieſenkampf um die höchſten realen Güter,
96 911 1418 984 der die Geſtalt Europas verändern und der Strömung der Weltgeſchichte
100 971 1418 1040 ein neues Bett graben ſollte, erſchien das Gezänke über eine Lehrbeſtim⸗
97 1030 1418 1092 mung, für welche es dem Denken unſerer Zeit an jedem Verſtändniß und
99 1088 1421 1150 Anknüpfungspunkt fehlt, als etwas ſo geſpenſterhaftes, einer ſo ganz anderen
100 1142 1420 1208 Welt angehöriges, mit dem Leben und den Intereſſen der Gegenwart ſo
99 1198 1421 1259 außer allem Zuſammenhang ſtehendes, daß die meiſten dieſer ganzen Ver⸗
102 1253 1420 1322 handlung höchſtens noch mit einer gewiſſen gleichgültigen Verwunderung
97 1313 1421 1380 oder einem ironiſchen Lächeln zuſahen, in der Hauptſache aber ſich um
100 1362 1422 1429 dieſelbe nicht im geringſten mehr bekümmerten. Dieſen Augenblick wußte
96 1420 1422 1485 der Ultramontanismus mit gewohnter Geſchicklichkeit zu benützen; er dachte
100 1477 1422 1549 ſich ſo ſchnell wie möglich in den thatſächlichen Beſitz zu ſetzen und einen
100 1531 1424 1597 anerkannten Rechtszuſtand zu ſchaffen, ehe die Welt wieder Zeit und Nei⸗
100 1590 1425 1659 gung hätte, ſich mit ihm zu beſchäftigen; das neue Dogma, das veränderte
102 1642 1422 1710 Kirchenrecht ſollte vorerſt als theoretiſcher Grundſatz feſtgeſtellt werden,
102 1702 1424 1772 um dann ſpäter, im geeigneten Zeitpunkt, auch dem entſprechenden prakti⸗
102 1758 1422 1829 ſchen Vorgehen zur Unterlage zu dienen. Diejenigen von den Biſchöfen,
100 1815 1426 1888 die ſich ihm bisher widerſetzt hatten, ließen mit ſich reden, und vereinigten
100 1865 1425 1942 ſich faſt ohne Ausnahme mit ſeinen Anhängern raſch zu gemeinſamem
103 1928 1425 1990 Vorgehen; und ſo haben wir denn in Deutſchland das auffallende und
103 1978 1426 2053 unwürdige Schauſpiel erlebt, daß in demſelben Augenblick, in dem unſer
104 2036 1425 2106 Volk ſich durch die heldenmüthigſten Anſtrengungen und die beiſpielloſeſten
102 2093 1428 2169 Erfolge ſeine politiſche Unabhängigkeit erkämpft und die Einmiſchung des
106 2153 1428 2223 Auslands für immer zurückgewieſen hat, einem bedeutenden Theil dieſes
107 2204 1428 2276 Volkes eine Lehre als officielles Glaubensbekenntniß aufgedrungen werden
107 2263 1426 2331 konnte, die bei conſequenter Durchführung ſeine freie Selbſtbeſtimmung
109 2320 1428 2405 im tiefſten Grunde vernichten und alle geiſtigen Bedingungen und Güter
1188 2374 1218 2449 2
732 41 792 110 17
