1427 2413
57 113 1374 176 des Katholicismus die eingreifendſten Zerwürfniſſe, die tiefſte Erſchütte⸗
56 163 1374 227 rung und Zerſetzung herbeiführen. Gab es doch gerade unter den ent⸗
56 225 1374 289 ſchiedenen Gegnern des Ultramontanismus nicht wenige, welche ihm in
57 276 1378 341 dieſer Frage deshalb den augenblicklichen Sieg wünſchten, weil ſie nicht
54 331 1374 403 zweifelten, daß dieſer Sieg ſich ſofort in die vollſtändigſte Niederlage ver⸗
57 388 1373 450 wandeln, dieſe Ueberſpannung des Papalſyſtems bei den intelligenteſten,
54 442 1374 508 wohlhabendſten und mächtigſten Völkern den Anſtoß zu ſeinem Sturz geben
53 501 1373 564 werde; während andererſeits manche, die für ihre Perſon nicht ſo ſehr
52 556 1374 622 viel gegen das neue Dogma einzuwenden gehabt hätten, aus dem gleichen
53 613 1374 676 Grunde von ſeiner Verkündigung abriethen, und ihr, nachdem ſie ſich nicht
53 667 1342 731 mehr abwenden ließ, nur mit der ernſtlichſten Beſorgniß entgegenſahen.
146 722 1372 790 Die ſeitherige Erfahrung ſcheint weder die peſſimiſtiſchen Hoffnungen
53 782 1374 848 der einen noch die Befürchtungen der andern zu rechtfertigen. Als das
49 840 1373 902 vielbeſprochene Dogma von der Mehrheit des Concils genehmigt und unter
49 894 1373 959 päpſtlicher Auktorität proklamirt war, verſtummte der Widerſpruch gegen
50 949 1373 1016 daſſelbe im ganzen genommen ungemein ſchnell. Von den Biſchöfen unter⸗
53 1005 1374 1067 warfen ſich auch diejenigen, welche gegen die Neuerung am lauteſten pro⸗
52 1067 1374 1127 teſtirt hatten, und ſo namentlich die deutſchen, faſt ohne Ausnahme nicht
52 1119 1373 1179 blos bereitwillig dem amtlichen Ausſpruch der Kirche, ſondern ſie fanden
50 1170 1373 1234 auch den wenig beneidenswerthen Muth, ihre bisherigen Geſinnungsgenoſſen
50 1230 1372 1293 im Klerus und im Lehrſtand, wenn ſie nicht ſofort die gleiche Umwand⸗
50 1285 1373 1348 lung zu vollziehen wußten, mit Kirchenſtrafen, Abſetzungen und Lehrverboten
49 1345 1373 1407 zu verfolgen. Das katholiſche Volk aber zeigte ſeiner großen Mehrzahl
49 1396 1373 1467 nach gegen den Vorgang, der mit ſolcher Feierlichkeit in Scene geſetzt
49 1459 1372 1520 war, über den vor der Entſcheidung der Frage die Parteien ſich ſo ſehr
50 1514 1370 1575 erhitzt hatten, nach derſelben eine Gleichgültigkeit, die in Erſtaunen ſetzen
49 1565 1369 1636 konnte. Einige Univerſitäts⸗ und Gymnaſiallehrer haben dem Dogma,
48 1626 1367 1691 welches ihnen gegen ihre Ueberzeugung aufgedrungen werden ſollte, un⸗
48 1681 1366 1742 erſchrocken die Anerkennung verweigert; ein Döllinger hat ſeinen Erz⸗
48 1734 1369 1803 biſchof in der gemeſſenſten Form mit einer Ueberlegenheit zurückgewieſen,
45 1796 1369 1859 die geradehin vernichtend wirken müßte, wenn es ſich hier um eine wiſſen⸗
48 1845 1370 1920 ſchaftliche, nicht um eine Machtfrage handelte; ein bairiſcher Pfarrer hat
44 1906 1367 1967 es gewagt, ſeinem geiſtlichen Vorgeſetzten mit einem Muth entgegenzutre⸗
45 1963 1370 2029 ten, welcher unter den dermaligen Verhältniſſen des niederen katholiſchen
46 2016 1370 2081 Klerus doppelte Anerkennung verdient, und ſeine Gemeinde hat bis jetzt
45 2075 1369 2142 treu zu ihm gehalten; einzelne Perſonen haben der Kirche den Rücken ge⸗
45 2132 1367 2195 wendet, die ihnen eine ſo ungeheuerliche Lehre zu glauben oder wenig⸗
46 2183 1367 2254 ſtens zu bekennen zumuthete. Dies war aber bis vor kurzem auch ſo ziem⸗
45 2237 1366 2309 lich alles: von einem beabſichtigten Maſſenaustritt öſterreichiſcher Katho⸗
46 2295 1367 2382 liken aus der neukatholiſchen Infallibilitätskirche wurde zwar geſprochen,
679 18 748 84 16
