1434 2432
63 91 1381 158 werde, um dieſe Stellung gegen den Angriff zu vertheidigen, den der
62 143 1381 205 päpſtliche Abſolutismus durch die Lehre von der Unfehlbarkeit und die
62 201 1381 268 übrigen Concilsvorlagen auf dieſelbe gemacht hatte. Nachdem aber ein⸗
63 262 1381 318 mal die Entſcheidung gefallen war und die amtlich verkündigten Beſchlüſſe
62 313 1378 376 einer allgemeinen Kirchenverſammlung vorlagen, mußten dieſelben Beweg⸗
60 370 1379 436 gründe, welche vorher den Widerſtand gegen dieſe Beſchlüſſe hervorgerufen
62 422 1379 494 hatten, die große Mehrzahl der opponirenden Biſchöfe beſtimmen, ſich
59 480 1377 547 ihnen zu unterwerfen, und damit die häkliche Frage ſo ſchnell wie mög⸗
60 539 1379 603 lich beſeitigt würde, die gleiche Unterwürfigkeit auch in ihren Diöceſen
60 598 1379 660 raſch und nachdrücklich herbeizuführen. Es handelte ſich ja für ſie nicht
62 649 1378 717 ſowohl um Grundſätze, deren Verläugnung, um Ueberzeugungen, deren
59 705 1378 770 Bekenntniß ihnen ihr Gewiſſen verboten hätte, ſondern um eine Zweck⸗
58 767 1377 829 mäßigkeits⸗ und eine Machtfrage. Sie hatten den Anſtoß gefürchtet, wel⸗
60 817 1375 884 chen das neue Dogma geben, den Widerſtand, den es hervorrufen werde.
59 872 1375 940 Aber dieſer Anſtoß wäre ja verzehnfacht, dieſer Widerſtand ausdrücklich
55 932 1377 997 herausgefordert worden, wenn die Biſchöfe ſelbſt nach der Annahme und
56 984 1377 1056 Verkündigung der Concilsbeſchlüſſe ihre Oppoſition fortgeſetzt und das
58 1043 1377 1111 Zeichen zu einem allgemeinen Sturmlaufen gegen ſie gegeben hätten. Sie
55 1098 1377 1171 hatten ſich die äußerſte Mühe gegeben, um die kirchenrechtliche Revolution
55 1156 1374 1228 zu verhindern, durch die ihre bisherige Stellung in ſo hohem Grade beein⸗
54 1214 1377 1286 trächtigt und bedroht war. Aber nachdem ihre Bemühungen auf dem
55 1271 1374 1345 Concil geſcheitert waren, welche Ausſicht hatten ſie noch, die Beſchlüſſe
54 1326 1375 1399 des letzteren für ſich unwirkſam zu machen? Sie hätten den ökumeniſchen
51 1388 1374 1460 Charakter des Concils und die Rechtsgültigkeit ſeiner Beſchlüſſe beſtreiten
54 1445 1374 1520 müſſen, wozu allerdings die Unregelmäßigkeit und Unfreiheit ſeiner Be⸗
54 1503 1374 1572 rathungen ausreichende Gründe geboten hätte; ſie hätten der römiſchen
51 1559 1375 1634 Kurie zunächſt auf dieſem Punkte den Gehorſam verweigern, und wenn
51 1615 1374 1694 der Streit ſich länger fortſetzte, ihn ihr ganz aufkündigen, auf die Maß⸗
51 1674 1374 1751 regeln, welche einer offenen Widerſetzlichkeit gegenüber nicht ausbleiben
50 1729 1374 1810 konnten, mit einem Schisma antworten müſſen. Aber geſetzt auch, der
50 1788 1374 1869 eine oder der andere von ihnen hätte den Muth zu einem ſolchen Vor⸗
50 1846 1374 1925 gehen gehabt, er hätte es über ſich vermocht, mit allen ſeinen bisherigen
45 1902 1371 1986 Vorſtellungen über die Einheit der Kirche und die Pflichten, die ſie auf⸗
48 1957 1370 2044 erlege, ſo offen zu brechen, die Verantwortlichkeit für eine Kirchenſpaltung
48 2017 1373 2099 auf ſich zu nehmen; geſetzt ferner, er hätte bei dieſem Wagniß von Seiten
47 2072 1371 2155 der Geiſtlichkeit und des katholiſchen Volkes eine ausreichende Unterſtützung
47 2134 1371 2214 gefunden, was denn doch immer noch ſehr zweifelhaft iſt: was würde er
44 2183 1370 2275 damit für ſeine eigene Stellung erreicht haben? Um in dieſer kühnen und
45 2238 1367 2333 rückſichtsloſen Weiſe gegen Rom aufzutreten, hätte er ſich auf den niede⸗
44 2292 1371 2413 ren Klerus und die Gemeinden ſtützen müſſen; er hätte ſich an das Frei⸗
686 0 755 62 22
