1418 2421
50 131 1365 195 ferner das, was er jetzt iſt, und bleibt infolge deſſen, wie dies nicht an⸗
48 185 1365 250 ders ſein kann, auch der Charakter des päpſtlichen Hofes im weſentlichen
50 244 1363 306 unverändert, ſo iſt der Verluſt des Kirchenſtaats für die Machtſtellung
46 294 1367 363 des Papſtthums und für die Behandlung der kirchlichen Angelegenheiten
48 349 1365 413 nichts weniger als gleichgültig. Wenn die Perſonen, welche auf die Leitung
48 403 1367 474 dieſer Angelegenheiten den nächſten Einfluß haben, auf die Vortheile nicht
46 464 1365 532 verzichten wollen, die ihnen bisher die Regierung des Kirchenſtaats darbot,
48 516 1365 593 ſo wird die nothwendige Folge die ſein, daß ſie ſich dieſe Vortheile von
46 574 1363 641 einer anderen Seite her zu ſichern ſuchen; und da wird für die Mehr⸗
46 629 1363 702 zahl von ihnen der Gedanke einer Verſtändigung mit der italieniſchen Re⸗
42 677 1365 756 gierung ſchon deshalb, weil ſie ſelbſt eben auch Italiener ſind, zunächſt
44 740 1365 813 liegen; während dieſe ihrerſeits gewiß alles thun wird, was in ihrer
46 794 1363 865 Macht liegt, um ein ſo unſchätzbares Organ des politiſchen Einfluſſes,
42 851 1363 921 einen ſo unerſetzlichen Bundesgenoſſen für die Einigung und Beruhigung
44 909 1365 978 ihres Volkes für ſich zu gewinnen. Mag daher auch der Kampf um den
42 960 1367 1041 Kirchenſtaat noch längere oder kürzere Zeit mit großer Leidenſchaftlichkeit
42 1014 1363 1095 geführt werden, mag der Vatikan noch Jahre lang alle ſeine Blitze auf
42 1075 1365 1154 das Haupt der kirchenräuberiſchen Regierung, die ihn ſo ſchwer verletzt
44 1131 1363 1210 hat, und aller ihrer Gehülfen, ja des ganzen italieniſchen Volks ſchleudern:
44 1190 1365 1262 wenn dieſe Bannflüche ſich wirkungslos zeigen, wenn auch der neue deutſche
44 1236 1363 1315 Kaiſer ſich weder durch Herrn Greil noch durch Herrn Windthorſt be⸗
44 1301 1365 1373 wegen läßt, im Intereſſe des heiligen Vaters einen Römerzug zu unter⸗
42 1357 1361 1424 nehmen, und die franzöſiſche Republik (oder was bis dahin aus ihr ge⸗
38 1406 1363 1484 worden ſein mag) in der Wiederholung des 1849er Feldzugs gleichfalls
42 1468 1361 1537 ein Haar findet — wenn mit Einem Wort die Reſtauration der päpſt⸗
42 1523 1363 1597 lichen Gewalt über den Kirchenſtaat ausſichtslos wird, ſo iſt zu vermuthen,
42 1577 1365 1654 daß von den Mitgliedern des hohen römiſchen Klerus eines nach dem
44 1626 1363 1712 andern ſeinen Frieden mit Italien macht, und daß auch die Kurie ſich
42 1690 1363 1763 am Ende in die neugeſchaffene Lage einfach deshalb fügt, weil die Per⸗
42 1745 1367 1821 ſonen, von denen ihre Politik gemacht wird, bei dieſer Nachgiebigkeit ihre
42 1799 1363 1880 Rechnung finden. Was aber ein ſolches Ende des Streites bedeuten
44 1856 1365 1936 würde, braucht kaum geſagt zu werden. Wenn das Papſtthum durch das
46 1912 1365 1987 Intereſſe des römiſchen Klerus an Italien geknüpft wird, ſo wird es von
42 1965 1365 2047 Italien abhängig; und mag man dieſe Abhängigkeit noch ſo ſorgſam ver⸗
40 2023 1365 2108 ſchleiern, mag man die Freiheit und die geiſtliche Souveränetät des Kirchen⸗
40 2084 1365 2154 oberhaupts mit noch ſo vielen geſetzlichen Bürgſchaften umgeben, in der
44 2138 1367 2221 Hauptſache wird dadurch nichts geändert: das Papſtthum iſt in den Dienſt
42 2197 1367 2265 eines einzelnen Staats gezogen, es ſteht nicht mehr allen katholiſchen Landes⸗
42 2255 1365 2324 kirchen in gleicher Unparteilichkeit gegenüber, es nöthigt ebendamit dieſe,
38 2308 1365 2410 ſo bereitwillig ſie ſich auch der allgemeinen Kirche und ihrem Haupt unter⸗
694 40 727 110 5
