1425 2413
48 110 1372 184 die ſtaatliche, nothwendig jeden Augenblick in Colliſion, und das End⸗
56 176 1372 237 ergebniß wird nur das ſein können, daß der Staat, im Intereſſe ſeiner
56 223 1374 295 Selbſterhaltung, nachdem er einmal das Land genommen hat, auch die
56 283 1374 347 Attribute der Souveränetät immer vollſtändiger an ſich zieht, und den
54 335 1370 408 Papſt, den bürgerlichen Geſetzen und der Staatsordnung gegenüber, auf
54 392 1181 458 eine ähnliche Stellung, wie die der Landesbiſchöfe, zurückführt.
138 450 1374 514 Es iſt aber nicht blos die perſönliche Stellung des Papſtes und die
52 508 1374 575 Freiheit ſeiner Entſchlüſſe in der Leitung der Kirche, welche durch den
56 563 1374 627 Verluſt ſeines Territorialbeſitzes nothleidet. So gering auch die Mittel,
50 615 1372 683 über die er als weltlicher Fürſt zu verfügen hatte, an ſich ſelbſt ſein
52 673 1374 739 mochten, ſo gewährten ſie doch ſeiner geiſtlichen Macht eine ſehr weſent⸗
52 731 1374 796 liche Unterſtützung. Die Verwaltung des Kirchenſtaats war allerdings ſo
52 788 1372 856 ſchlecht wie möglich, und die Unterthanen deſſelben hatten alle Urſache,
50 842 1374 906 mit ihr unzufrieden zu ſein; aber ſeinem Beherrſcher verſchaffte ſie immer⸗
52 896 1376 967 hin den Vortheil, daß eine Menge Menſchen von ihm abhängig, mit ihrem
50 953 1374 1019 Intereſſe an ihn geknüpft war, daß er im Stande war, perſönliche und
50 1009 1376 1079 kirchliche Dienſtleiſtungen zu belohnen, Perſonen, die ſich auswärts um
50 1065 1374 1134 ſeinetwillen blosgeſtellt hatten, eine Zuflucht zu gewähren, daß ſeine geiſt⸗
50 1124 1374 1186 liche Hofhaltung auf einer von ihm beherrſchten Bevölkerung ruhte, daß
50 1180 1376 1246 die Hauptſtadt der katholiſchen Chriſtenheit ſeine Stadt war, in ihrem
52 1236 1376 1305 ganzen Leben und Treiben ſich um ihn bewegte, und in ihren zahlloſen
48 1290 1376 1357 Kirchen und Klöſtern den Kern der geiſtlichen Armee beherbergte, die er
46 1345 1376 1413 als Rückhalt ſeiner Herrſchaft nicht entbehren kann. Dieſe Vortheile
46 1401 1376 1471 werden in demſelben Maße verloren gehen, in welchem der Kirchenſtaat
46 1459 1376 1528 im italieniſchen Staatsweſen aufgeht, und Rom ſelbſt aus der Hauptſtadt
50 1516 1372 1586 eines geiſtlichen Reiches zum Mittelpunkt eines weltlichen Großſtaats wird,
46 1570 1370 1636 und in der Zuſammenſetzung, den Lebensgewohnheiten, den Erwerbsver⸗
46 1626 1374 1695 hältniſſen, den materiellen und geiſtigen Intereſſen ſeiner Einwohnerſchaft
48 1679 1374 1753 den Einfluß eines königlichen Hofes und der ganzen einem Sitze der oberſten
46 1739 1368 1811 Staatsbehörden zugewandten Verkehrsſtrömung empfindet. Wie aufrichtig
44 1797 1372 1860 auch die Abſicht der italieniſchen Regierung ſein mag, die perſönliche Un⸗
44 1851 1370 1920 abhängigkeit und die kirchliche Selbſtändigkeit des Papſtes zu achten: daß
44 1908 1372 1976 der Ort, in dem er lebt, nicht mehr ſein eigen iſt, daß er fortan bei
44 1964 1370 2032 der italieniſchen Regierung zur Miethe wohnt, wird er bei jeder Gelegen⸗
46 2018 1370 2087 heit erfahren; er wird ſich nicht blos in ſeinem perſönlichen Daſein, ſon⸗
44 2077 1372 2145 dern auch in ſeiner amtlichen Thätigkeit als Kirchenoberhaupt unvermeid⸗
44 2131 1374 2199 lich auf Schritt und Tritt beengt finden, die Organe, deren die päpſtliche
44 2189 1370 2262 Kirchenpolitik ſich bisher bedient hat, werden ſich nicht mehr ſo ungehin⸗
44 2248 1374 2312 dert und üppig entwickeln können, die Mittel, mit denen ſie zu wirken
44 2298 1374 2388 gewohnt war, werden ihr geſchmälert, und für die Anwendung derſelben
698 26 732 96 8
