1427 2429
44 125 1358 201 iſt, ſo unverkennbar iſt es doch, daß dieſer Beſitz bisher für dieſelbe mittel⸗
47 190 1358 252 bar außerordentlich viel zu bedeuten hatte; und die Zukunft wird dies
44 241 1358 306 ohne Zweifel früher oder ſpäter ſo unwiderleglich herausſtellen, daß die
44 296 1358 367 Geſchichte das Ereigniß, welches unter dem Waffenlärm des deutſch⸗fran⸗
44 352 1358 423 zöſiſchen Krieges außerhalb Italiens bei den Organen der öffentlichen
47 408 1355 477 Meinung verhältnißmäßig nur geringe Beachtung fand, die Einverleibung
45 464 1358 534 Roms in das Königreich Italien, ſeiner Zeit den wichtigſten Begebenheiten
45 523 737 591 unſeres Jahrhunderts beizählen wird.
135 578 1359 647 Die Wichtigkeit dieſes Ereigniſſes wird aber dadurch noch merklich
48 630 1356 703 erhöht, daß es der Zeit nach ſich unmittelbar an jene äußerſte Steigerung
47 686 1359 758 der hierarchiſchen Anmaßung anſchloß, die ſich in der Lehre von der päpſt⸗
48 750 1362 811 lichen Unfehlbarkeit ausſprach. So gewiß indeſſen alle vernünftig denkenden
49 797 1360 863 Menſchen in ihrem Urtheil über die innere Haltbarkeit dieſer Lehre und
48 855 1362 925 über den moraliſchen Werth des Verfahrens übereinſtimmen werden, durch
49 917 1362 979 das ſie zuerſt in die katholiſche Theologie eingeſchwärzt und dann ſchließ⸗
49 966 1364 1040 lich auf dem römiſchen Concil durchgeſetzt wurde, ſo weit können die An⸗
51 1030 1364 1089 ſichten über die Bedeutung und die vorausſichtlichen Folgen des Schrittes
48 1083 1366 1153 auseinandergehen, den die Kurie mit der feierlichen Feſtſtellung derſelben
51 1142 1366 1209 gewagt hat. Wenn man vor und während dem Concil die Vertheidiger
49 1195 1367 1267 der Infallibilität hörte, ſo hätte man meinen ſollen, mit dieſem Dogma
51 1252 1364 1321 ſei nach ihrer Ueberzeugung die Panacee für alle Leiden der Kirche,
51 1308 1364 1377 alle Schäden des ſittlichen, religiöſen und politiſchen Lebens gefunden;
52 1361 1367 1433 und wenn man ſah, mit welchem Eifer und welcher rückſichtsloſen An⸗
54 1418 1368 1489 wendung aller, auch der verwerflichſten Mittel ſie die Anerkennung des⸗
51 1476 1368 1541 ſelben durchſetzten, ſo konnte man wenigſtens darüber nicht im Zweifel
54 1528 1368 1600 ſein, daß es ſich hier für ſie um eine Maßregel handelte, von welcher ſie
54 1584 1370 1658 ſich für ihre Sache und ihre Machtſtellung in der Kirche die bedeutendſte
48 1640 1368 1713 Wirkung verſprachen. Wenn man andererſeits das Aufſehen und die
55 1696 1370 1767 Aufregung in Betracht zog, welche die Abſicht, unſerem Jahrhundert ein
54 1752 1370 1827 ſolches Glaubensgeſetz aufzudringen, ſchon bei ihrem erſten Hervortreten
49 1805 1367 1878 allenthalben unter Katholiken und Proteſtanten hervorrief; die Anſtrengun⸗
52 1862 1367 1940 gen, welche von den hervorragendſten Theologen des katholiſchen Deutſch⸗
52 1920 1371 1995 lands, von dem ehrenwertheſten, einſichtsvollſten und kenntnißreichſten
54 1975 1368 2051 Theile des Epiſkopats, zur Vereitlung dieſes Vorhabens gemacht wurden;
52 2033 1370 2109 das einſtimmige Verwerfungsurtheil, dem es in der größeren und gebil⸗
52 2088 1371 2164 deteren Hälfte der katholiſchen Welt bei allen halbwegs Urtheilsfähigen
58 2143 1382 2222 begegnete: ſo erhielt man den Eindruck, als müßten die Infallibiliſten mit
55 2204 1374 2277 ihrem Plane an der Empörung der öffentlichen Meinung und an dem
56 2261 1371 2333 Widerſtand der Kirche und ihrer geſetzmäßigen Organe nothwendig ſcheitern,
56 2319 1371 2404 als müßte ſeine Verwirklichung mindeſtens unter allen Umſtänden innerhalb
669 32 735 107 15
