1420 2419
44 116 1363 181 werfen würden, gegen italieniſche Bevormundung ſich zu ſichern, ſeine
48 167 705 239 bisherige Weltſtellung iſt erſchüttert.
139 223 1365 288 Doch ſeien wir nicht ungerecht gegen die Männer, welche die oberſte
48 276 1363 342 Leitung der römiſchen Kirche in der Hand haben. Schon ihre perſön⸗
48 336 1365 403 lichen Intereſſen würden ſie allerdings ohne Zweifel verhindern, der neue⸗
48 391 1365 459 ſten Wendung der Dinge ſo unabhängig gegenüberzutreten, wie dies den
42 439 1365 520 religiöſen Intereſſen und der Idee einer geiſtlichen, der Pflege dieſer
52 493 1365 570 Intereſſen ganz und ausſchließlich gewidmeten Behörde am beſten ent⸗
46 560 1367 626 ſprechen würde. Aber auch dem Papſtthum ſelbſt iſt dies ſeinem ganzen
46 616 1367 685 Charakter nach unmöglich. Die hierarchiſchen Einrichtungen der römiſchen
46 671 1367 741 Kirche, die Macht und die Wirkſamkeit ihrer Organe ſind an zu viele
46 727 1367 792 äußere Bedingungen geknüpft, als daß ſie auf die Vortheile, welche der
46 778 1367 846 Beſitz des Kirchenſtaats ihr bisher darbot, ſo leichten Kaufes verzichten
42 836 1367 903 könnte. Wir werden uns davon überzeugen, wenn wir auf die haupt⸗
46 895 1369 965 ſächlichſten von den Aenderungen einen Blick werfen, welche durch die
46 951 1367 1017 Einziehung des Kirchenſtaats in der äußeren Lage der Päpſte eingetreten ſind.
137 1007 1369 1074 Bisher war der Papſt ſouverän; er ſtand als Landesherr mit allen
46 1058 1369 1126 andern Monarchen auf gleicher Stufe, während er zugleich als Oberhaupt
48 1116 1371 1181 der katholiſchen Kirche noch eine eigenthümliche Würde und Machtſphäre
40 1163 1369 1239 beſaß. In Zukunft ſoll er zwar, nach den Beſtimmungen des italieniſchen
48 1227 1371 1300 Garantiegeſetzes, gleichfalls kein Unterthan eines fremden Staats ſein; er
48 1290 1367 1354 ſoll für ſeine Perſon alle Ehren und Vorrechte eines Souveräns genießen;
42 1342 1369 1409 er ſoll in vollkommener Freiheit mit auswärtigen Mächten verkehren, Ge⸗
48 1394 1371 1467 ſandte empfangen und abſenden können; ſeine Paläſte ſollen nicht unter
48 1455 1373 1523 der Polizeiaufſicht und Gerichtsbarkeit des Staats ſtehen, ſeine Diener
44 1509 1371 1576 und Beamten in ihrer kirchlichen Thätigkeit von den Staatsbehörden nicht
48 1566 1369 1640 geſtört werden. Aber die reale Grundlage aller Souveränetät, das Land
52 1626 1371 1693 und die Landeshoheit, hat man ihm genommen. Es fragt ſich nun: wird
46 1681 1373 1743 ihm dieſe Quaſiſouveränetät in ſeiner Stellung als Kirchenoberhaupt die
46 1735 1371 1806 gleichen Dienſte leiſten, welche ihm bisher die wirkliche und volle Sou⸗
48 1794 1373 1860 veränetät geleiſtet hat? Wird der Nimbus des Papſtthums unvermindert
46 1846 1371 1917 bleiben, wird es für die Vorſtellung der Völker von ſeiner Macht und
44 1900 1373 1971 Würde daſſelbe bedeuten, wenn der Papſt in Rom wohnt, wie wenn er
44 1961 1371 2027 noch der Herr von Rom wäre? Werden ihn die europäiſchen Fürſten
46 2017 1373 2084 nach wie vor als Ihresgleichen betrachten und behandeln? Werden die
48 2074 1375 2138 Vorrechte, welche ihm Italien im jetzigen Augenblick eingeräumt hat, immer
46 2124 1373 2199 und unter allen Umſtänden geachtet werden? Wird er in der Reſidenz
46 2183 1373 2249 des Königs von Italien die gleiche Rolle ſpielen, wie bisher in ſeiner
48 2239 1373 2306 eigenen? Wird die Kurie auf Geſandte, welche zugleich bei der italieni⸗
50 2296 1373 2388 ſchen Regierung beglaubigt ſind, auch dann, wenn die Intereſſen beider
685 26 720 86 6
