1402 2445
33 115 1353 176 nicht allein die geſetzgebende Gewalt der Kirche ſo ausſchließlich auf den
33 171 1351 239 Papſt über, daß die Biſchöfe, die jene feſtſetzten, für ſich ſelbſt und für
35 233 1350 287 alle ihre Nachfolger auf jeden Antheil an derſelben verzichtet haben, das
28 286 1350 349 Concil, welches ihr zuſtimmte, ebendamit abgedankt und jede ſpätere Kirchen⸗
28 342 1350 403 verſammlung, wenn jemals noch eine ſolche berufen werden ſollte, auf
29 391 1350 460 die ſchweigende Hinnahme der Offenbarungen beſchränkt hat, die der jeweilige
28 446 1350 518 Papſt ihr etwas früher, als ſeinen übrigen Unterthanen, anzukündigen
29 512 1349 574 ſich bewogen findet; ſondern in Folge davon hat es die Kurie auch in
28 560 1350 631 der Hand, nach Belieben in die innere Verwaltung der Diöceſen einzu⸗
34 619 1349 686 greifen und ſich über alle Beſtimmungen des bisherigen Kirchenrechts, die
27 679 1349 740 den einzelnen Kirchenprovinzen und ihren Vorſtehern doch immer noch
25 728 1350 795 einigen Schutz gegen den päpſtlichen Abſolutismus gewährten, hinwegzu⸗
24 783 1350 848 ſetzen. Und wirklich hat ja auch das Concil, im unmittelbaren Zuſam⸗
27 842 1353 904 menhang mit der Unfehlbarkeitslehre, dem Papſte dieſe Befugniß ſofort
28 899 1353 958 im ausgedehnteſten Umfang zugeſprochen: es legt ihm eine ordentliche und
24 952 1351 1017 unmittelbare biſchöfliche Gewalt über alle Kirchen bei, neben welcher den
27 1009 1353 1075 Biſchöfen der Einzelkirchen immer nur die Stellung päpſtlicher Diener
27 1071 1351 1138 und Beauftragten übrig bleiben würde. Es begreift ſich, wenn auch ſolche
27 1126 1351 1195 Mitglieder des Epiſkopats, die ihrer Kirche mit Leib und Seele ergeben
27 1183 1349 1255 waren und jeden Machtanſpruch derſelben auf's eifrigſte verfochten hatten,
24 1245 1349 1312 dieſe Schmälerung ihrer eigenen Rechte, dieſe Erniedrigung ihrer Stellung
24 1298 1349 1370 in der Kirche auf's lebhafteſte bekämpften; und ebenſo natürlich iſt es, daß
27 1358 1353 1426 dies vorzugsweiſe von denen geſchah, die bei der neuen Orduung der
28 1414 1353 1479 Dinge am meiſten zu verlieren hatten, die ſich wirklich als Kirchenfürſten
25 1471 1353 1536 in ihren Diöceſen, als die Pairs der Geſammtkirche fühlten: von den
21 1529 1354 1596 durch ihre Leiſtungen und ihre Perſönlichkeit hervorragenden Männern
24 1587 1353 1654 mehr, als von den unbedeutenden und unbekannten, von den Häuptern
25 1646 1354 1718 der großen deutſchen und franzöſiſchen Diöceſen mehr, als von den Ver⸗
28 1704 1353 1772 waltern der kleinen italieniſchen Sprengel, die auch bisher ſchon nur von
25 1759 1353 1831 der päpſtlichen Gnade gelebt hatten. Wenn das Dogma von der päpſt⸗
25 1818 1357 1882 lichen Unfehlbarkeit und alles, was damit zuſammenhängt, auf dem Concil
25 1879 1354 1943 ſeine Gegner vorzugsweiſe unter dem gebildeten und unabhängigen, durch
27 1935 1357 2006 ſeine perſönlichen Eigenſchaften und durch die Bedeutung ſeiner Diöceſen
27 1992 1357 2059 in's Gewicht fallenden Theile des Epiſkopats gefunden hat, die infallibi⸗
28 2049 1358 2121 liſtiſche Mehrheit dagegen ſich ganz überwiegend aus den Vertretern der
27 2109 1358 2181 geiſtig zurückgebliebenen Länder und aus den Inhabern der armen und
27 2166 1358 2238 kleinen Biſchofsſitze zuſammenſetzte, die als „päpſtliche Koſtgänger“ in Rom
28 2220 1358 2295 lebten, ſo iſt dies ganz erklärlich; und je höher ein Mitglied des Concils
28 2280 1358 2358 ſtand, je unabhängiger bis dahin ſeine Stellung, je bedeutender ſein Ein⸗
30 2332 1357 2434 ſluß geweſen war, um ſo mehr ließ ſich erwarten, daß es alles thun
650 17 725 93 21
