1434 2410
60 112 1381 178 gängig machen läßt, für dieſes Syſtem eine bleibende Schwächung oder
64 158 1381 230 doch eine tiefgreifende Aenderung herbeiführen. Dieſe Annahme iſt aber
62 216 590 283 auch ſachlich wohl begründet.
152 267 1381 349 Zunächſt ſchon wird man ſagen müſſen, daß die römiſche Kurie bei
62 321 1379 395 ihrem Widerſtand gegen die Säculariſation des Kirchenſtaats ſich ſelbſt
64 381 1379 453 und die Körperſchaft, an deren Spitze ſie ſteht, richtig beurtheile. Wenn
62 435 1379 504 der Verluſt ihrer weltlichen Herrſchaft auf ihre kirchliche Stellung keine
62 492 1375 566 tiefergehende Rückwirkung ausüben ſollte, ſo würde dies vorausſetzen, daß
60 546 1375 618 dieſe Stellung nur mit kirchlichen Mitteln aufrechtgehalten und nur für
64 604 1377 674 kirchliche Zwecke benützt werde; daß die Männer, in deren Händen die
62 656 1377 733 Leitung der römiſchen Kirche liegt, weder für ſich ſelbſt noch für ihre Kirche
60 723 1375 789 etwas ſuchen, das ohne Länderbeſitz und Regierungsgewalt nicht ebenſo
58 769 1375 847 gut erreicht werden könnte, als mit denſelben. War dies denn aber bisher
60 829 1375 895 thatſächlich der Fall? Haben die Päpſte bisher nichts weiter ſein wollen,
60 887 1375 951 als die oberſten Regenten der Kirche, die Kardinäle und der höhere römiſche
58 943 1371 1008 Klerus überhaupt nichts weiter, als ihre Gehülfen in der Kirchenleitung?
62 994 1375 1066 Haben nicht jene wie dieſe die Mittel des Kirchenſtaats für ſich und ihre
58 1050 1377 1124 Verwandten und ihre Günſtlinge in vollem Maß ausgebeutet? Und glaubt
58 1104 1375 1180 man, daß dies nun mit Einemmal anders werden werde? Daß dieſer
58 1170 1377 1237 üppige, habgierige, prachtliebende römiſche Klerus nun plötzlich alle ſeine
58 1227 1373 1289 Lebensgewohnheiten ändern, ſeine vielhundertjährigen Ueberlieferungen ver⸗
58 1271 1373 1355 geſſen, aus ſeiner tiefen Verweltlichung zu apoſtoliſcher Einfachheit und
56 1333 1375 1401 rein kirchlichen Zielen zurückkehren, daß er mit Einem Wort mit ſich ſelbſt
58 1389 1375 1462 diejenige Reform vornehmen werde, ohne die er ſich in die neue Lage
54 1441 1375 1514 nicht wird finden, die Intereſſen der Kirche mit derſelben nicht wird in
54 1502 1375 1572 Einklang bringen können? Wir müſſen es dahingeſtellt ſein laſſen, ob es
48 1554 1373 1624 überhaupt in dieſem Klerus Leute giebt, welche die Anforderungen erken⸗
52 1620 1375 1684 nen, die durch die veränderten Verhältniſſe an ſie geſtellt ſind, und welche
52 1666 1371 1741 ſo viel Uneigennützigkeit und ſittliche Kraft beſitzen, um dieſen Anforde⸗
46 1723 1371 1795 rungen entſprechen zu wollen. Aber wenn es deren geben ſollte, ſo
48 1781 1375 1851 werden ſie unter ihren Standesgenoſſen jedenfalls eine verſchwindende
50 1831 1371 1911 Minderheit bilden, und die nächſten Päpſte werden, wenn nicht ganz un⸗
48 1893 1371 1968 wahrſcheinliche Dinge eintreten, nicht aus ihrer Mitte gewählt werden.
50 1956 1373 2022 Ja ſelbſt wenn das außerordentliche geſchähe und ein Papſt auf den Thron
44 2004 1371 2080 käme, dem es wirklich im Ernſte um eine ſittliche Reform des römiſchen
48 2064 1371 2136 Klerus zu thun wäre, ſo iſt doch mit voller Sicherheit vorauszuſehen, daß
48 2124 1371 2193 ſeine Bemühungen an dem zähen einmüthigen Widerſtand dieſer mächtigen
46 2175 1371 2245 und wenigſtens in einem ſolchen Fall feſtverbundenen Körperſchaft ebenſo
44 2235 1373 2299 ſcheitern würden, wie bisher noch alle ähnlichen Verſuche ſeit ſechshundert
42 2287 1371 2385 Jahren an ihm geſcheitert ſind. Bleibt aber der römiſche Klerus auch
704 18 741 84 4
