1426 2433
50 127 1371 198 es zweifelhaft machen, ob ſie als eine Vertreterin der Geſammtkirche zu
50 185 1369 246 betrachten iſt; wie dies alles thatſächlich ſchon oft der Fall war. Es
51 243 1370 305 kann ferner, wenn die Entſcheidung dem Papſte und dem Concil gemein⸗
50 298 1370 364 ſchaftlich zuſtehen ſoll, zwiſchen beiden ein Zwieſpalt ausbrechen. Wer
50 352 1370 419 ſoll in dieſen und ähnlichen Fällen entſcheiden? Den einzelnen Biſchöfen
51 409 1370 469 wird man es nicht anheimgeben können, auf welche Seite ſie ſich ſtellen
48 463 1370 528 wollen, denn damit wäre die Einheit der kirchlichen Geſetzgebung preis⸗
50 520 1370 589 gegeben; den Staaten, oder den Gemeinden, oder gar den einzelnen
48 575 1367 639 Gläubigen noch viel weniger; der einzige Ausweg ſcheint darin zu liegen,
50 629 1370 696 daß Ein Einzelner als Kirchenoberhaupt die Entſcheidung aller allgemein
50 693 1370 754 kirchlichen Fragen in der Hand hat: die ariſtokratiſche Kirchenleitung durch
51 750 1370 808 die Biſchöfe drängt unwiderſtehlich, wie dies ja auch der Gang der Ge⸗
51 800 1371 865 ſchichte geweſen iſt, zu der abſoluten päpſtlichen Monarchie hin, welche
48 856 1367 923 jetzt in der Unfehlbarkeitslehre den ſtärkſten Ausdruck ihres Princips ge⸗
52 911 282 974 funden hat.
138 969 1370 1035 Die Rückſeite der Sache liegt aber freilich gleichfalls ſchon längſt
50 1023 1371 1094 klar genug vor. Das kurialiſtiſche Syſtem iſt ſo gut, wie das epiſkopa⸗
50 1082 1371 1147 liſtiſche, von der Geſchichte widerlegt. Wollten wir auch über alle anderen
52 1143 1371 1202 Ungeheuerlichkeiten und Ungereimtheiten dieſes Syſtems hinwegſehen, woll⸗
48 1196 1371 1261 ten wir uns auch die unerhörte Zumuthung gefallen laſſen, einen Men⸗
51 1251 1373 1320 ſchen, lediglich auf ſein eigenes Zeugniß hin, wenn er e cathedra zu
50 1308 1371 1374 reden verſichert, für einen Gott, für unfehlbar zu halten: wie ſteht es,
51 1366 1373 1426 wenn dieſer Menſch ſtirbt? wo iſt dann ſeine Unfehlbarkeit hingekommen?
52 1427 1375 1486 Sie ruht wohl, bis der Nachfolger ernannt iſt, in dem ſie wieder auf⸗
48 1477 1373 1540 leben kann. Aber wie nun, wenn Zweifel darüber entſtehen, wer dieſer
47 1531 1373 1596 Nachfolger iſt? wenn zwei oder drei Päpſte auftreten, von denen jeder
48 1593 1371 1654 behauptet, daß er der rechtmäßige Papſt ſei? Wem ſteht dann die Ent⸗
48 1642 1373 1705 ſcheidung zwiſchen ihnen zu? Wo iſt die unfehlbare Inſtanz, die uns
50 1705 1373 1769 ſagen kann, bei wem wir fortan die Quelle unfehlbarer Lehrentſcheidungen
47 1753 1373 1824 zu ſuchen haben? Denn unfehlbar muß dieſe Inſtanz ja doch auch, ja
46 1809 1373 1880 ſie zuerſt und zumeiſt ſein, wenn nicht unſer ganzer Glaube an die Ent⸗
46 1868 1373 1932 ſcheidungen des Papſtes, den ſie uns als den rechtmäßigen bezeichnet, in
44 1923 1374 1992 der Luft ſchweben ſoll. Alles dies iſt bekanntlich ſchon dageweſen. Als
46 1980 1373 2049 die Selbſtüberhebung des Papſtthums im 14. Jahrhundert ihren Gipfel
46 2035 1373 2099 erreicht hatte, da ergriff es die Geſchichte an dem einzigen, was die Ver⸗
46 2092 1371 2162 götterer der Päpſte von menſchlicher Schwäche an ihnen noch übrig ge⸗
47 2150 1373 2215 laſſen hatten, an ihrer Sterblichkeit. Nach dem Tode Gregor's XI. lieferte
44 2207 1373 2277 eine zwieſpältige Papſtwahl zwei Päpſte, aus denen ſpäter ſogar drei wur⸗
44 2264 1373 2332 den; jeder von ihnen verfluchte den andern, die abendländiſche Kirche zerfiel
46 2319 1370 2400 in feindſelige Lager, und ihre Einheit wurde nicht früher wiederhergeſtellt,
673 40 741 108 27
