1421 2421
56 121 1372 193 biſcite zuzumuthen brauchen. Aber doch darf man nicht überſehen, daß
52 179 1374 244 ihre Landeshoheit die Päpſte nicht blos zu Schützlingen, ſondern auch zu
56 236 1370 306 ſehr werthvollen Bundesgenoſſen der Mächte gemacht hat, die einen Fuß
54 292 1372 357 in Italien haben wollten. Die Beſatzungen in Ferrara und Bologna
54 347 1372 413 waren für Oeſterreich, die in Rom und Civitavecchia für Frankreich ein
54 401 1370 470 Mittel zur Beherrſchung der apenniniſchen Halbinſel. Beide hatten mit
54 459 1370 528 dem Papſte nicht blos als Kirchenfürſten, ſondern auch als italieniſchem
52 514 1370 581 Landesfürſten zu rechnen, und ſie hatten ihm in der letzteren Eigenſchaft
54 568 1370 639 nicht blos Dienſte zu erweiſen, ſondern auch von ihm zu empfangen, und
52 627 1370 698 wenn ſie zur Belohnung der erſteren die Unterſtützung ihrer Politik durch
50 683 1370 746 den Klerus verlangten, ſo hatten ſie ſich für die letzteren durch rückſichts⸗
54 740 1372 804 volle Behandlung der kirchlichen Dinge dankbar zu zeigen. In Zukunft
54 796 1368 863 wird das Papſtthum jenen Mächten allerdings etwas unabhängiger gegen⸗
50 845 1372 913 überſtehen, ſo viel ihm auch fortwährend um ſeiner kirchlichen Politik
52 899 1372 968 willen an ihrem Wohlwollen gelegen ſein muß; aber theils werden dafür
52 964 1368 1030 auch ſie ihrerſeits ſeiner nicht mehr in dem gleichen Grade, wie früher,
52 1016 1372 1089 bedürfen, theils wird es für die äußeren Bedingungen ſeiner Exiſtenz nur
50 1071 1372 1141 um ſo mehr auf Italien, und ſchließlich dann doch auch wieder auf die
52 1127 1368 1194 Regierungen angewieſen ſein, die ihm bei einer Differenz mit der italie⸗
50 1188 662 1254 niſchen zur Stütze dienen können.
139 1238 1370 1305 So viel ergiebt ſich aus allem, daß der Verluſt des Kirchenſtaats
48 1295 1368 1363 allerdings auch die kirchliche Macht der Päpſte in hohem Grade beein⸗
44 1347 1370 1424 trächtigt, und daß die Anhänger derſelben von ihrem Standpunkt aus
48 1408 1370 1474 allen Grund haben, für die Wiederherſtellung der päpſtlichen Territorial⸗
48 1468 1370 1531 gewalt keine Anſtrengung zu ſcheuen. Die Rechte, welche dem Papſt als
46 1521 1370 1585 Kirchenoberhaupt zuſtehen, haben an ſich ſelbſt freilich mit der politiſchen
48 1579 1368 1646 Souveränetät über Rom und den Kirchenſtaat keinen unmittelbaren Zu⸗
46 1636 1370 1704 ſammenhang; aber die Bedingungen, unter denen ſie bisher ausgeübt
46 1690 1370 1757 wurden, erleiden durch das Aufhören derſelben eine ſo eingreifende Ver⸗
46 1745 1372 1813 änderung und Beſchränkung, daß die Stellung des Papſtthums in der
44 1797 1366 1874 katholiſchen Kirche, wenn es ſeine weltliche Herrſchaft wirklich endgültig
46 1864 1370 1928 verloren hat, in Zukunft unmöglich dieſelbe bleiben kann, welche ſie bisher
46 1914 1370 1981 geweſen iſt. Worin dieſe Wirkung beſtehen und wie weit ſie ſich erſtrecken
46 1971 1366 2039 wird, läßt ſich jetzt kaum ſchon mit einiger Sicherheit beurtheilen. Zu⸗
44 2027 1368 2094 nächſt wird natürlich von päpſtlicher Seite alles verſucht werden, um das,
46 2078 1366 2156 was geſchehen iſt, ungeſchehen zu machen; es wird an allen Thüren ange⸗
44 2138 1366 2207 klopft, Himmel und Erde in Bewegung geſetzt, jeder mögliche Bundes⸗
44 2199 1366 2265 genoſſe, ob Deutſchland oder Frankreich, ob Kaiſerreich oder Republik, ob
44 2245 1366 2320 Legitimität oder Revolution, emſig umworben, jede, auch die unwahrſchein⸗
44 2306 1366 2386 lichſte Ausſicht leidenſchaftlich ergriffen und hartnäckig verfolgt werden.
686 32 744 100 12
